% This file was created with JabRef 2.7b.
% Encoding: UTF-8

@article{Eisenstein:1997ik,
      author         = "Eisenstein, Daniel J. and Hu, Wayne",
      title          = "{Baryonic features in the matter transfer function}",
      journal        = "Astrophys. J.",
      volume         = "496",
      year           = "1998",
      pages          = "605",
      doi            = "10.1086/305424",
      eprint         = "astro-ph/9709112",
      archivePrefix  = "arXiv",
      primaryClass   = "astro-ph",
      reportNumber   = "IASSNS-AST-97-51",
      SLACcitation   = "%%CITATION = ASTRO-PH/9709112;%%"
}

@article{Cardona:2016qxn,
      author         = "Cardona, Wilmar and Durrer, Ruth and Kunz, Martin and
                        Montanari, Francesco",
      title          = "{Lensing convergence and the neutrino mass scale in
                        galaxy redshift surveys}",
      year           = "2016",
      eprint         = "1603.06481",
      archivePrefix  = "arXiv",
      primaryClass   = "astro-ph.CO",
      reportNumber   = "HIP-2016-10-TH",
      SLACcitation   = "%%CITATION = ARXIV:1603.06481;%%"
}

@article{Cardona:2014iba,
      author         = "Cardona, Wilmar and Hollenstein, Lukas and Kunz, Martin",
      title          = "{The traces of anisotropic dark energy in light of
                        Planck}",
      journal        = "JCAP",
      volume         = "1407",
      year           = "2014",
      pages          = "032",
      doi            = "10.1088/1475-7516/2014/07/032",
      eprint         = "1402.5993",
      archivePrefix  = "arXiv",
      primaryClass   = "astro-ph.CO",
      SLACcitation   = "%%CITATION = ARXIV:1402.5993;%%"
}

@article{Hogg:2004vw,
      author         = "Hogg, David W. and Eisenstein, Daniel J. and Blanton,
                        Michael R. and Bahcall, Neta A. and Brinkmann, J. and
                        Gunn, James E. and Schneider, Donald P.",
      title          = "{Cosmic homogeneity demonstrated with luminous red
                        galaxies}",
      journal        = "Astrophys. J.",
      volume         = "624",
      year           = "2005",
      pages          = "54-58",
      doi            = "10.1086/429084",
      eprint         = "astro-ph/0411197",
      archivePrefix  = "arXiv",
      primaryClass   = "astro-ph",
      SLACcitation   = "%%CITATION = ASTRO-PH/0411197;%%"
}
@article{Spergel:2003cb,
      author         = "Spergel, D. N. and others",
      title          = "{First year Wilkinson Microwave Anisotropy Probe (WMAP)
                        observations: Determination of cosmological parameters}",
      collaboration  = "WMAP",
      journal        = "Astrophys. J. Suppl.",
      volume         = "148",
      year           = "2003",
      pages          = "175-194",
      doi            = "10.1086/377226",
      eprint         = "astro-ph/0302209",
      archivePrefix  = "arXiv",
      primaryClass   = "astro-ph",
      SLACcitation   = "%%CITATION = ASTRO-PH/0302209;%%"
}

@article{Ade:2013nlj,
      author         = "Ade, P. A. R. and others",
      title          = "{Planck 2013 results. XXIII. Isotropy and statistics of
                        the CMB}",
      collaboration  = "Planck",
      journal        = "Astron. Astrophys.",
      volume         = "571",
      year           = "2014",
      pages          = "A23",
      doi            = "10.1051/0004-6361/201321534",
      eprint         = "1303.5083",
      archivePrefix  = "arXiv",
      primaryClass   = "astro-ph.CO",
      reportNumber   = "CERN-PH-TH-2013-136",
      SLACcitation   = "%%CITATION = ARXIV:1303.5083;%%"
}

@article{Heavens:2003jx,
      author         = "Heavens, Alan",
      title          = "{3d weak lensing}",
      journal        = "Mon. Not. Roy. Astron. Soc.",
      volume         = "343",
      year           = "2003",
      pages          = "1327",
      doi            = "10.1046/j.1365-8711.2003.06780.x",
      eprint         = "astro-ph/0304151",
      archivePrefix  = "arXiv",
      primaryClass   = "astro-ph",
      SLACcitation   = "%%CITATION = ASTRO-PH/0304151;%%"
}

@article{Audren:2012vy,
      author         = "Audren, Benjamin and Lesgourgues, Julien and Bird, Simeon
                        and Haehnelt, Martin G. and Viel, Matteo",
      title          = "{Neutrino masses and cosmological parameters from a
                        Euclid-like survey: Markov Chain Monte Carlo forecasts
                        including theoretical errors}",
      journal        = "JCAP",
      volume         = "1301",
      year           = "2013",
      pages          = "026",
      doi            = "10.1088/1475-7516/2013/01/026",
      eprint         = "1210.2194",
      archivePrefix  = "arXiv",
      primaryClass   = "astro-ph.CO",
      reportNumber   = "CERN-PH-TH-2012-261, LAPTH-046-12",
      SLACcitation   = "%%CITATION = ARXIV:1210.2194;%%"
}

@article{Smith:2002dz,
      author         = "Smith, R. E. and Peacock, J. A. and Jenkins, A. and
                        White, S. D. M. and Frenk, C. S. and Pearce, F. R. and
                        Thomas, P. A. and Efstathiou, G. and Couchmann, H. M. P.",
      title          = "{Stable clustering, the halo model and nonlinear
                        cosmological power spectra}",
      collaboration  = "VIRGO Consortium",
      journal        = "Mon. Not. Roy. Astron. Soc.",
      volume         = "341",
      year           = "2003",
      pages          = "1311",
      doi            = "10.1046/j.1365-8711.2003.06503.x",
      eprint         = "astro-ph/0207664",
      archivePrefix  = "arXiv",
      primaryClass   = "astro-ph",
      SLACcitation   = "%%CITATION = ASTRO-PH/0207664;%%"
}

@article{Lesgourgues:2011re,
      author         = "Lesgourgues, Julien",
      title          = "{The Cosmic Linear Anisotropy Solving System (CLASS) I:
                        Overview}",
      year           = "2011",
      eprint         = "1104.2932",
      archivePrefix  = "arXiv",
      primaryClass   = "astro-ph.IM",
      SLACcitation   = "%%CITATION = ARXIV:1104.2932;%%"
}

@article{Kitching:2008eq,
      author         = "Kitching, T. D. and Amara, A. and Abdalla, F. B. and
                        Joachimi, B. and Refregier, A.",
      title          = "{Cosmological Systematics Beyond Nuisance Parameters :
                        Form Filling Functions}",
      journal        = "Mon. Not. Roy. Astron. Soc.",
      volume         = "399",
      year           = "2009",
      pages          = "2107",
      doi            = "10.1111/j.1365-2966.2009.15408.x",
      eprint         = "0812.1966",
      archivePrefix  = "arXiv",
      primaryClass   = "astro-ph",
      SLACcitation   = "%%CITATION = ARXIV:0812.1966;%%"
}

@article{Heavens:2007ka,
      author         = "Heavens, Alan F. and Kitching, T. D. and Verde, L.",
      title          = "{On model selection forecasting, Dark Energy and modified
                        gravity}",
      journal        = "Mon. Not. Roy. Astron. Soc.",
      volume         = "380",
      year           = "2007",
      pages          = "1029-1035",
      doi            = "10.1111/j.1365-2966.2007.12134.x",
      eprint         = "astro-ph/0703191",
      archivePrefix  = "arXiv",
      primaryClass   = "astro-ph",
      SLACcitation   = "%%CITATION = ASTRO-PH/0703191;%%"
}

@article{Knox:1998fp,
      author         = "Knox, Lloyd and Scoccimarro, Roman and Dodelson, Scott",
      title          = "{The Impact of inhomogeneous reionization on cosmic
                        microwave background anisotropy}",
      journal        = "Phys. Rev. Lett.",
      volume         = "81",
      year           = "1998",
      pages          = "2004-2007",
      doi            = "10.1103/PhysRevLett.81.2004",
      eprint         = "astro-ph/9805012",
      archivePrefix  = "arXiv",
      primaryClass   = "astro-ph",
      reportNumber   = "CITA-98-13, FERMILAB-PUB-98-405-A",
      SLACcitation   = "%%CITATION = ASTRO-PH/9805012;%%"
}

@article{Raccanelli:2015vla,
      author         = "Raccanelli, Alvise and Montanari, Francesco and Bertacca,
                        Daniele and Dor√©, Olivier and Durrer, Ruth",
      title          = "{Cosmological Measurements with General Relativistic
                        Galaxy Correlations}",
      journal        = "JCAP",
      volume         = "1605",
      year           = "2016",
      number         = "05",
      pages          = "009",
      doi            = "10.1088/1475-7516/2016/05/009",
      eprint         = "1505.06179",
      archivePrefix  = "arXiv",
      primaryClass   = "astro-ph.CO",
      SLACcitation   = "%%CITATION = ARXIV:1505.06179;%%"
}

@article{Camera:2014sba,
      author         = "Camera, Stefano and Maartens, Roy and Santos, Mario G.",
      title          = "{Einstein's legacy in galaxy surveys}",
      journal        = "Mon. Not. Roy. Astron. Soc.",
      volume         = "451",
      year           = "2015",
      number         = "1",
      pages          = "L80-L84",
      doi            = "10.1093/mnrasl/slv069",
      eprint         = "1412.4781",
      archivePrefix  = "arXiv",
      primaryClass   = "astro-ph.CO",
      SLACcitation   = "%%CITATION = ARXIV:1412.4781;%%"
}

@article{Duncan:2013haa,
      author         = "Duncan, Christopher and Joachimi, Benjamin and Heavens,
                        Alan and Heymans, Catherine and Hildebrandt, Hendrik",
      title          = "{On the complementarity of galaxy clustering with cosmic
                        shear and flux magnification}",
      journal        = "Mon. Not. Roy. Astron. Soc.",
      volume         = "437",
      year           = "2014",
      number         = "3",
      pages          = "2471-2487",
      doi            = "10.1093/mnras/stt2060",
      eprint         = "1306.6870",
      archivePrefix  = "arXiv",
      primaryClass   = "astro-ph.CO",
      SLACcitation   = "%%CITATION = ARXIV:1306.6870;%%"
}

@article{Namikawa:2011yr,
      author         = "Namikawa, Toshiya and Okamura, Tomohiro and Taruya,
                        Atsushi",
      title          = "{Magnification effect on the detection of primordial
                        non-Gaussianity from photometric surveys}",
      journal        = "Phys. Rev.",
      volume         = "D83",
      year           = "2011",
      pages          = "123514",
      doi            = "10.1103/PhysRevD.83.123514",
      eprint         = "1103.1118",
      archivePrefix  = "arXiv",
      primaryClass   = "astro-ph.CO",
      SLACcitation   = "%%CITATION = ARXIV:1103.1118;%%"
}

@article{Verde:2003ey,
      author         = "Verde, Licia and others",
      title          = "{First year Wilkinson Microwave Anisotropy Probe (WMAP)
                        observations: Parameter estimation methodology}",
      collaboration  = "WMAP",
      journal        = "Astrophys. J. Suppl.",
      volume         = "148",
      year           = "2003",
      pages          = "195",
      doi            = "10.1086/377335",
      eprint         = "astro-ph/0302218",
      archivePrefix  = "arXiv",
      primaryClass   = "astro-ph",
      SLACcitation   = "%%CITATION = ASTRO-PH/0302218;%%"
}

@article{Lesgourgues:2006nd,
      author         = "Lesgourgues, Julien and Pastor, Sergio",
      title          = "{Massive neutrinos and cosmology}",
      journal        = "Phys. Rept.",
      volume         = "429",
      year           = "2006",
      pages          = "307-379",
      doi            = "10.1016/j.physrep.2006.04.001",
      eprint         = "astro-ph/0603494",
      archivePrefix  = "arXiv",
      primaryClass   = "astro-ph",
      reportNumber   = "LAPTH-1131-05, IFIC-05-59",
      SLACcitation   = "%%CITATION = ASTRO-PH/0603494;%%"
}

@article{Feldman:1993ky,
      author         = "Feldman, Hume A. and Kaiser, Nick and Peacock, John A.",
      title          = "{Power spectrum analysis of three-dimensional redshift
                        surveys}",
      journal        = "Astrophys. J.",
      volume         = "426",
      year           = "1994",
      pages          = "23-37",
      doi            = "10.1086/174036",
      eprint         = "astro-ph/9304022",
      archivePrefix  = "arXiv",
      primaryClass   = "astro-ph",
      reportNumber   = "UM-AC-93-5",
      SLACcitation   = "%%CITATION = ASTRO-PH/9304022;%%"
}

@article{Lesgourgues:2012uu,
      author         = "Lesgourgues, Julien and Pastor, Sergio",
      title          = "{Neutrino mass from Cosmology}",
      journal        = "Adv. High Energy Phys.",
      volume         = "2012",
      year           = "2012",
      pages          = "608515",
      doi            = "10.1155/2012/608515",
      eprint         = "1212.6154",
      archivePrefix  = "arXiv",
      primaryClass   = "hep-ph",
      SLACcitation   = "%%CITATION = ARXIV:1212.6154;%%"
}

@article{Hu:1997mj,
      author         = "Hu, Wayne and Eisenstein, Daniel J. and Tegmark, Max",
      title          = "{Weighing neutrinos with galaxy surveys}",
      journal        = "Phys. Rev. Lett.",
      volume         = "80",
      year           = "1998",
      pages          = "5255-5258",
      doi            = "10.1103/PhysRevLett.80.5255",
      eprint         = "astro-ph/9712057",
      archivePrefix  = "arXiv",
      primaryClass   = "astro-ph",
      reportNumber   = "IASSNS-AST-97-73",
      SLACcitation   = "%%CITATION = ASTRO-PH/9712057;%%"
}

@ARTICLE{Abdel-Sabour2014,
  author = {Abdel-Sabour, Mohamed and Nouh, Mohamed Ebrahim and Issa, Issa Ali
	and El-Nawawy, Mohamed Saleh and Kordi, Ayman and Almostafa, Zaki
	and El-Said, Ahmad Essam and Ali, Gamal Bakr},
  title = {{Determination of the Hubble Constant Using Cepheids}},
  year = {2014},
  month = {sep},
  abstract = {This paper introduces a statistical treatment to use Cepheid variable
	stars as distance indicators. The expansion rate of the Universe
	is also studied here through deriving the value of the Hubble constant
	H0. A Gaussian function approximation is proposed to fit the absolute
	magnitude and period of Cepheid variables in our galaxy. The calculations
	are carried out on samples of Cepheids observed in 23 galaxies to
	derive the distance modulus (DM) of these galaxies based on the frequency
	distributions of their periods and intrinsic apparent magnitudes.
	The DM is the difference between the apparent magnitude for extragalactic
	Cepheids and the absolute magnitude of the galactic Cepheids at maximum
	number. It is calculated by using the comparison of the period distribution
	of Cepheids in our galaxy and in other galaxies. This method is preferred
	due to its simplicity to use and its efficiency in providing reliable
	DM. A linear fit with correlation coefficient of 99.68{\%} has been
	found between the published distance modulus and that computed one
	in the present work. From the present sample, a value of H0 in the
	range of 66 to 80 +/- 5 km/s Mpc is determined. The present procedure
	of computation and its accuracy are confirmed by the high correlation
	found between our computed DM and that published in the literature.},
  archiveprefix = {arXiv},
  arxivid = {1409.4168},
  eprint = {1409.4168},
  url = {http://arxiv.org/abs/1409.4168}
}

@ARTICLE{Ade:2015ava,
  author = {Ade, P. A. R. and others},
  title = {{Planck 2015 results. XVII. Constraints on primordial non-Gaussianity}},
  year = {2015},
  archiveprefix = {arXiv},
  collaboration = {Planck},
  eprint = {1502.01592},
  primaryclass = {astro-ph.CO},
  slaccitation = {%%CITATION = ARXIV:1502.01592;%%}
}

@ARTICLE{Ade:2015hxq,
  author = {Ade, P. A. R. and others},
  title = {{Planck 2015 results. XVI. Isotropy and statistics of the CMB}},
  year = {2015},
  archiveprefix = {arXiv},
  collaboration = {Planck},
  eprint = {1506.07135},
  primaryclass = {astro-ph.CO},
  slaccitation = {%%CITATION = ARXIV:1506.07135;%%}
}

@ARTICLE{Ade:2015lrj,
  author = {Ade, P. A. R. and others},
  title = {{Planck 2015 results. XX. Constraints on inflation}},
  year = {2015},
  archiveprefix = {arXiv},
  collaboration = {Planck},
  eprint = {1502.02114},
  primaryclass = {astro-ph.CO},
  slaccitation = {%%CITATION = ARXIV:1502.02114;%%}
}

@ARTICLE{Ade:2015xua,
  author = {Ade, P. A. R. and others},
  title = {{Planck 2015 results. XIII. Cosmological parameters}},
  year = {2015},
  archiveprefix = {arXiv},
  collaboration = {Planck},
  eprint = {1502.01589},
  primaryclass = {astro-ph.CO},
  slaccitation = {%%CITATION = ARXIV:1502.01589;%%}
}

@ARTICLE{Ade:2013sjv,
  author = {Ade, P. A. R. and others},
  title = {{Planck 2013 results. I. Overview of products and scientific results}},
  journal = {Astron. Astrophys.},
  year = {2014},
  volume = {571},
  pages = {A1},
  archiveprefix = {arXiv},
  collaboration = {Planck},
  doi = {10.1051/0004-6361/201321529},
  eprint = {1303.5062},
  primaryclass = {astro-ph.CO},
  reportnumber = {CERN-PH-TH-2013-115},
  slaccitation = {%%CITATION = ARXIV:1303.5062;%%}
}

@ARTICLE{Alpher:1948ve,
  author = {Alpher, R. A. and Bethe, H. and Gamow, G.},
  title = {{The origin of chemical elements}},
  journal = {Phys. Rev.},
  year = {1948},
  volume = {73},
  pages = {803-804},
  doi = {10.1103/PhysRev.73.803},
  slaccitation = {%%CITATION = PHRVA,73,803;%%}
}

@ARTICLE{Alpher:1950zz,
  author = {Alpher, Ralph A. and Herman, Robert C.},
  title = {{Theory of the Origin and Relative Abundance Distribution of the
	Elements}},
  journal = {Rev. Mod. Phys.},
  year = {1950},
  volume = {22},
  pages = {153-212},
  doi = {10.1103/RevModPhys.22.153},
  slaccitation = {%%CITATION = RMPHA,22,153;%%}
}

@ARTICLE{Barnacka2014,
  author = {Barnacka, Anna and Geller, Margaret and Dell'antonio, Ian P. and
	Benbow, Wystan},
  title = {{Strong lensing, time delays, and the value of H{\$}{\_}0{\$}}},
  year = {2014},
  month = {aug},
  abstract = {In principle, the most straightforward method of estimating the Hubble
	constant relies on time delays between mirage images of strongly-lensed
	sources. It is a puzzle, then, that the values of H{\$}{\_}0{\$}
	obtained with this method span a range from {\$}\backslashsim 50
	- 100{\$} km s{\$}{\^{}}{\{}-1{\}}{\$}Mpc{\$}{\^{}}{\{}-1{\}}{\$}.
	Quasars monitored to measure these time delays, are multi-component
	objects. The variability may arise from different components of the
	quasar or may even originate from a jet. Misidentifying a variable
	emitting region in a jet with emission from the core region may introduce
	an error in the Hubble constant derived from a time delay. Here,
	we investigate the complex structure of sources as the underlying
	physical explanation of the wide spread in values of the Hubble constant
	based on gravitational lensing. Our Monte Carlo simulations demonstrate
	the potentially large impact of the position of the variable emitting
	region on H{\$}{\_}0{\$} determination. The derived value of the
	Hubble constant is very sensitive to the offset between the center
	of the emission and the center of the variable emitting region. Based
	on these simulations, we propose using the value of H{\$}{\_}0{\$}
	known from other techniques to spatially resolve the origin of the
	variable emission once the time delay is measured. We advocate this
	method particularly for gamma-ray astronomy, where the angular resolution
	of detectors reaches approximately 0.1 degree; lensed blazars offer
	the only route for identify the origin of gamma-ray flares. Large
	future samples of gravitationally lensed sources identified with
	Euclid, SKA, and LSST will enable a statistical determination of
	H{\$}{\_}0{\$}. The method should also provide new insights into
	the structure of the sources and their cosmic evolution at different
	energies.},
  archiveprefix = {arXiv},
  arxivid = {1408.5898},
  eprint = {1408.5898},
  url = {http://arxiv.org/abs/1408.5898}
}

@article{Hivon:2001jp,
      author         = "Hivon, E. and Gorski, K. M. and Netterfield, C. B. and
                        Crill, B. P. and Prunet, S. and Hansen, F.",
      title          = "{Master of the cosmic microwave background anisotropy
                        power spectrum: a fast method for statistical analysis of
                        large and complex cosmic microwave background data sets}",
      journal        = "Astrophys. J.",
      volume         = "567",
      year           = "2002",
      pages          = "2",
      doi            = "10.1086/338126",
      eprint         = "astro-ph/0105302",
      archivePrefix  = "arXiv",
      primaryClass   = "astro-ph",
      SLACcitation   = "%%CITATION = ASTRO-PH/0105302;%%"
}

@article{Gorski:1994ye,
      author         = "Gorski, Krzysztof M.",
      title          = "{On Determining the spectrum of primordial inhomogeneity
                        from the Cobe DMR sky maps. 1. Method}",
      journal        = "Astrophys. J.",
      volume         = "430",
      year           = "1994",
      pages          = "L85",
      doi            = "10.1086/187444",
      eprint         = "astro-ph/9403066",
      archivePrefix  = "arXiv",
      primaryClass   = "astro-ph",
      reportNumber   = "COBE-94-07",
      SLACcitation   = "%%CITATION = ASTRO-PH/9403066;%%"
}

@article{Akrami:2014eta,
      author         = "Akrami, Y. and Fantaye, Y. and Shafieloo, A. and Eriksen,
                        H. K. and Hansen, F. K. and Banday, A. J. and G√≥rski, K.
                        M.",
      title          = "{Power asymmetry in WMAP and Planck temperature sky maps
                        as measured by a local variance estimator}",
      journal        = "Astrophys. J.",
      volume         = "784",
      year           = "2014",
      pages          = "L42",
      doi            = "10.1088/2041-8205/784/2/L42",
      eprint         = "1402.0870",
      archivePrefix  = "arXiv",
      primaryClass   = "astro-ph.CO",
      SLACcitation   = "%%CITATION = ARXIV:1402.0870;%%"
}

@article{Cardona:2013fxa,
      author         = "Cardona, W. and Bernui, A and Reboucas, M. J.",
      title          = "{Two statistical procedures for mapping large-angle
                        non-Gaussianity}",
      year           = "2013",
      eprint         = "1310.2667",
      archivePrefix  = "arXiv",
      primaryClass   = "astro-ph.CO",
      SLACcitation   = "%%CITATION = ARXIV:1310.2667;%%"
}

@article{Cardona:2013pqa,
      author         = "Cardona, Wilmar A. and Bernui, Armando and Reboucas,
                        Marcelo J.",
      title          = "{A comparative study of non-Gaussianity in ILC-7yr CMB
                        map}",
      journal        = "Int. J. Mod. Phys. Conf. Ser.",
      volume         = "18",
      year           = "2012",
      pages          = "286-293",
      doi            = "10.1142/S2010194512008380",
      eprint         = "1305.5872",
      archivePrefix  = "arXiv",
      primaryClass   = "astro-ph.CO",
      SLACcitation   = "%%CITATION = ARXIV:1305.5872;%%"
}

@article{Bernui:2011yj,
      author         = "Bernui, A. and Reboucas, M. J.",
      title          = "{Mapping the large-angle deviation from Gaussianity in
                        simulated CMB maps}",
      journal        = "Phys. Rev.",
      volume         = "D85",
      year           = "2012",
      pages          = "023522",
      doi            = "10.1103/PhysRevD.85.023522",
      eprint         = "1109.6086",
      archivePrefix  = "arXiv",
      primaryClass   = "astro-ph.CO",
      SLACcitation   = "%%CITATION = ARXIV:1109.6086;%%"
}

@article{Bernui:2009wq,
      author         = "Bernui, A. and Reboucas, M. J.",
      title          = "{Non-gaussianity in the foreground-reduced CMB maps}",
      journal        = "Phys. Rev.",
      volume         = "D81",
      year           = "2010",
      pages          = "063533",
      doi            = "10.1103/PhysRevD.81.063533",
      eprint         = "0912.0269",
      archivePrefix  = "arXiv",
      primaryClass   = "astro-ph.CO",
      SLACcitation   = "%%CITATION = ARXIV:0912.0269;%%"
}

@article{Bernui:2008ei,
      author         = "Bernui, A. and Reboucas, M. J.",
      title          = "{Searching for non-Gaussianity in the WMAP data}",
      journal        = "Phys. Rev.",
      volume         = "D79",
      year           = "2009",
      pages          = "063528",
      doi            = "10.1103/PhysRevD.79.063528",
      eprint         = "0806.3758",
      archivePrefix  = "arXiv",
      primaryClass   = "astro-ph",
      SLACcitation   = "%%CITATION = ARXIV:0806.3758;%%"
}

@article{Ade:2013crn,
      author         = "Ade, P. A. R. and others",
      title          = "{Planck 2013 results. XII. Diffuse component separation}",
      collaboration  = "Planck",
      journal        = "Astron. Astrophys.",
      volume         = "571",
      year           = "2014",
      pages          = "A12",
      doi            = "10.1051/0004-6361/201321580",
      eprint         = "1303.5072",
      archivePrefix  = "arXiv",
      primaryClass   = "astro-ph.CO",
      reportNumber   = "CERN-PH-TH-2013-125",
      SLACcitation   = "%%CITATION = ARXIV:1303.5072;%%"
}

@article{Bernui:2014gla,
      author         = "Bernui, A. and Oliveira, A. F. and Pereira, T. S.",
      title          = "{North-South non-Gaussian asymmetry in PLANCK CMB maps}",
      journal        = "JCAP",
      volume         = "1410",
      year           = "2014",
      number         = "10",
      pages          = "041",
      doi            = "10.1088/1475-7516/2014/10/041",
      eprint         = "1404.2936",
      archivePrefix  = "arXiv",
      primaryClass   = "astro-ph.CO",
      SLACcitation   = "%%CITATION = ARXIV:1404.2936;%%"
}

@article{Bernui:2014oda,
      author         = "Bernui, A. and Rebou√ßas, M. J.",
      title          = "{Mapping possible non-Gaussianity in the Planck maps}",
      journal        = "Astron. Astrophys.",
      volume         = "573",
      year           = "2015",
      pages          = "A114",
      doi            = "10.1051/0004-6361/201424654",
      eprint         = "1405.1128",
      archivePrefix  = "arXiv",
      primaryClass   = "astro-ph.CO",
      SLACcitation   = "%%CITATION = ARXIV:1405.1128;%%"
}

@article{Larson:2014roa,
      author         = "Larson, D. and Weiland, J. L. and Hinshaw, G. and
                        Bennett, C. L.",
      title          = "{Comparing Planck and WMAP: Maps, Spectra, and
                        Parameters}",
      journal        = "Astrophys. J.",
      volume         = "801",
      year           = "2015",
      number         = "1",
      pages          = "9",
      doi            = "10.1088/0004-637X/801/1/9",
      eprint         = "1409.7718",
      archivePrefix  = "arXiv",
      primaryClass   = "astro-ph.CO",
      SLACcitation   = "%%CITATION = ARXIV:1409.7718;%%"
}

@article{Kim:2010gf,
      author         = "Kim, Jaiseung and Naselsky, Pavel",
      title          = "{Anomalous parity asymmetry of the Wilkinson Microwave
                        Anisotropy Probe power spectrum data at low multipoles}",
      journal        = "Astrophys. J.",
      volume         = "714",
      year           = "2010",
      pages          = "L265-L267",
      doi            = "10.1088/2041-8205/714/2/L265",
      eprint         = "1001.4613",
      archivePrefix  = "arXiv",
      primaryClass   = "astro-ph.CO",
      SLACcitation   = "%%CITATION = ARXIV:1001.4613;%%"
}

@article{Cruz:2004ce,
      author         = "Cruz, M. and Martinez-Gonzalez, E. and Vielva, P. and
                        Cayon, L.",
      title          = "{Detection of a non-gaussian spot in wmap}",
      journal        = "Mon. Not. Roy. Astron. Soc.",
      volume         = "356",
      year           = "2005",
      pages          = "29-40",
      doi            = "10.1111/j.1365-2966.2004.08419.x",
      eprint         = "astro-ph/0405341",
      archivePrefix  = "arXiv",
      primaryClass   = "astro-ph",
      SLACcitation   = "%%CITATION = ASTRO-PH/0405341;%%"
}

@article{Vielva:2003et,
      author         = "Vielva, Patricio and Martinez-Gonzalez, E. and Barreiro,
                        R. B. and Sanz, J. L. and Cayon, L.",
      title          = "{Detection of non-Gaussianity in the WMAP 1 - year data
                        using spherical wavelets}",
      journal        = "Astrophys. J.",
      volume         = "609",
      year           = "2004",
      pages          = "22-34",
      doi            = "10.1086/421007",
      eprint         = "astro-ph/0310273",
      archivePrefix  = "arXiv",
      primaryClass   = "astro-ph",
      SLACcitation   = "%%CITATION = ASTRO-PH/0310273;%%"
}

@article{Rossmanith:2009cy,
      author         = "Rossmanith, G. and Raeth, C. and Banday, A. J. and
                        Morfill, G.",
      title          = "{Non-Gaussian Signatures in the five-year WMAP data as
                        identified with isotropic scaling indices}",
      journal        = "Mon. Not. Roy. Astron. Soc.",
      volume         = "399",
      year           = "2009",
      pages          = "1921-1933",
      doi            = "10.1111/j.1365-2966.2009.15421.x",
      eprint         = "0905.2854",
      archivePrefix  = "arXiv",
      primaryClass   = "astro-ph.CO",
      SLACcitation   = "%%CITATION = ARXIV:0905.2854;%%"
}

@article{Rath:2007ti,
      author         = "Rath, C. and Schuecker, P. and Banday, A. J.",
      title          = "{Model-Independent Test for Scale-Dependent
                        Non-Gaussianities in the Cosmic Microwave Background}",
      journal        = "Phys. Rev. Lett.",
      volume         = "102",
      year           = "2009",
      pages          = "131301",
      doi            = "10.1103/PhysRevLett.102.131301",
      eprint         = "astro-ph/0702163",
      archivePrefix  = "arXiv",
      primaryClass   = "ASTRO-PH",
      SLACcitation   = "%%CITATION = ASTRO-PH/0702163;%%"
}

@article{Eriksen:2004iu,
      author         = "Eriksen, Hans Kristian and Banday, A. J. and Gorski, K.
                        M. and Lilje, P. B.",
      title          = "{The N-point correlation functions of the first-year
                        Wilkinson Microwave Anisotropy Probe sky maps}",
      journal        = "Astrophys. J.",
      volume         = "622",
      year           = "2005",
      pages          = "58-71",
      doi            = "10.1086/427897",
      eprint         = "astro-ph/0407271",
      archivePrefix  = "arXiv",
      primaryClass   = "astro-ph",
      SLACcitation   = "%%CITATION = ASTRO-PH/0407271;%%"
}

@article{Eriksen:2003db,
      author         = "Eriksen, H. K. and Hansen, F. K. and Banday, A. J. and
                        Gorski, K. M. and Lilje, P. B.",
      title          = "{Asymmetries in the Cosmic Microwave Background
                        anisotropy field}",
      journal        = "Astrophys. J.",
      volume         = "605",
      year           = "2004",
      pages          = "14-20",
      doi            = "10.1086/382267",
      note           = "[Erratum: Astrophys. J.609,1198(2004)]",
      eprint         = "astro-ph/0307507",
      archivePrefix  = "arXiv",
      primaryClass   = "astro-ph",
      SLACcitation   = "%%CITATION = ASTRO-PH/0307507;%%"
}

@article{Hansen:2008ym,
      author         = "Hansen, F. K. and Banday, A. J. and Gorski, K. M. and
                        Eriksen, H. K. and Lilje, P. B.",
      title          = "{Power Asymmetry in Cosmic Microwave Background
                        Fluctuations from Full Sky to Sub-degree Scales: Is the
                        Universe Isotropic?}",
      journal        = "Astrophys. J.",
      volume         = "704",
      year           = "2009",
      pages          = "1448-1458",
      doi            = "10.1088/0004-637X/704/2/1448",
      eprint         = "0812.3795",
      archivePrefix  = "arXiv",
      primaryClass   = "astro-ph",
      SLACcitation   = "%%CITATION = ARXIV:0812.3795;%%"
}

@article{Eriksen:2004df,
      author         = "Eriksen, Hans Kristian and Novikov, D. I. and Lilje, P.
                        B. and Banday, A. J. and Gorski, K. M.",
      title          = "{Testing for non-Gaussianity in the WMAP data: Minkowski
                        functionals and the length of the skeleton}",
      journal        = "Astrophys. J.",
      volume         = "612",
      year           = "2004",
      pages          = "64-80",
      doi            = "10.1086/422570",
      eprint         = "astro-ph/0401276",
      archivePrefix  = "arXiv",
      primaryClass   = "astro-ph",
      SLACcitation   = "%%CITATION = ASTRO-PH/0401276;%%"
}

@article{Land:2005ad,
      author         = "Land, Kate and Magueijo, Joao",
      title          = "{The Axis of evil}",
      journal        = "Phys. Rev. Lett.",
      volume         = "95",
      year           = "2005",
      pages          = "071301",
      doi            = "10.1103/PhysRevLett.95.071301",
      eprint         = "astro-ph/0502237",
      archivePrefix  = "arXiv",
      primaryClass   = "astro-ph",
      SLACcitation   = "%%CITATION = ASTRO-PH/0502237;%%"
}

@article{Bielewicz:2005zu,
      author         = "Bielewicz, P. and Eriksen, Hans Kristian and Banday, A.
                        J. and Gorski, K. M. and Lilje, P. B.",
      title          = "{Multipole vector anomalies in the first-year WMAP data:
                        A Cut-sky analysis}",
      journal        = "Astrophys. J.",
      volume         = "635",
      year           = "2005",
      pages          = "750-760",
      doi            = "10.1086/497263",
      eprint         = "astro-ph/0507186",
      archivePrefix  = "arXiv",
      primaryClass   = "astro-ph",
      SLACcitation   = "%%CITATION = ASTRO-PH/0507186;%%"
}

@article{Schwarz:2004gk,
      author         = "Schwarz, Dominik J. and Starkman, Glenn D. and Huterer,
                        Dragan and Copi, Craig J.",
      title          = "{Is the low-l microwave background cosmic?}",
      journal        = "Phys. Rev. Lett.",
      volume         = "93",
      year           = "2004",
      pages          = "221301",
      doi            = "10.1103/PhysRevLett.93.221301",
      eprint         = "astro-ph/0403353",
      archivePrefix  = "arXiv",
      primaryClass   = "astro-ph",
      reportNumber   = "CERN-PH-TH-2004-052",
      SLACcitation   = "%%CITATION = ASTRO-PH/0403353;%%"
}

@ARTICLE{Ben-Dayan2014b,
  author = {Ben-Dayan, Ido and Durrer, Ruth and Marozzi, Giovanni and Schwarz,
	Dominik J.},
  title = {{Value of <span class="aps-inline-formula"><math xmlns="http://www.w3.org/1998/Math/MathML"
	display="inline"><mrow><msub><mrow><mi>H</mi></mrow><mrow><mn>0</mn></mrow></msub></mrow></math></span>
	in the Inhomogeneous Universe}},
  journal = {Physical Review Letters},
  year = {2014},
  volume = {112},
  pages = {221301},
  number = {22},
  month = {jun},
  doi = {10.1103/PhysRevLett.112.221301},
  issn = {0031-9007},
  url = {http://link.aps.org/doi/10.1103/PhysRevLett.112.221301}
}

@ARTICLE{Bengaly2015a,
  author = {Bengaly,, C. A. P.},
  title = {{Constraining the local variance of {\$}H{\_}0{\$} from directional
	analyses}},
  year = {2015},
  month = {oct},
  abstract = {We evaluate the local variance of the Hubble Constant {\$}H{\_}0{\$}
	with low-z Type Ia Supernovae (SNe). Our analyses are performed using
	a hemispherical comparison procedure to test whether the bulk flow
	motion can reconcile the measurement of the Hubble Constant {\$}H{\_}0{\$}
	from standard candles ({\$}H{\_}0 = 73.8 \backslashpm 2.4 \backslash;
	\backslashmathrm{\{}km \backslash; s{\}}{\^{}}{\{}-1{\}}\backslash;
	\backslashmathrm{\{}Mpc{\}}{\^{}}{\{}-1{\}}{\$}) with that of the
	Planck's Cosmic Microwave Background data ({\$}67.8 \backslashpm
	0.9 \backslash; \backslashmathrm{\{}km \backslash; s{\}}{\^{}}{\{}-1{\}}
	\backslashmathrm{\{}Mpc{\}}{\^{}}{\{}-1{\}}{\$}). We obtain that
	{\$}H{\_}0{\$} ranges from {\$}68.9 \backslashpm 0.5 \backslash;
	\backslashmathrm{\{}km \backslash; s{\}}{\^{}}{\{}-1{\}} \backslashmathrm{\{}Mpc{\}}{\^{}}{\{}-1{\}}{\$}
	to {\$}71.2 \backslashpm 0.7 \backslash; \backslashmathrm{\{}km \backslash;
	s{\}}{\^{}}{\{}-1{\}} \backslashmathrm{\{}Mpc{\}}{\^{}}{\{}-1{\}}{\$}
	through the celestial sphere, with maximal dipolar anisotropy towards
	the {\$}(l,b) = (315{\^{}}{\{}\backslashcirc{\}},27{\^{}}{\{}\backslashcirc{\}}){\$}
	direction. Interestingly, this result is in good agreement with both
	{\$}H{\_}0{\$} estimations, as well as the bulk flow direction reported
	in the literature. In addition, we assess the statistical significance
	of this variance with different prescriptions of Monte Carlo simulations,
	finding a good concordance for its amplitude given the limitation
	of the SNe data set in terms of celestial coverage and their distance
	uncertainties. Additionally, we test the null hypothesis of this
	anisotropic direction being a random effect, albeit we can reject
	such hypothesis with good statistical significance. We then conclude
	that the conflict between these different Hubble Constant determinations
	can be unified by correctly taking into account the bulk flow motion
	of the local Universe.},
  archiveprefix = {arXiv},
  arxivid = {1510.05545},
  eprint = {1510.05545},
  url = {http://arxiv.org/abs/1510.05545}
}

@ARTICLE{Bennett2014,
  author = {Bennett, C. L. and Larson, D. and Weiland, J. L. and Hinshaw, G.},
  title = {{The 1{\%} Concordance Hubble Constant}},
  year = {2014},
  pages = {25},
  month = {jun},
  abstract = {The determination of the Hubble constant has been a central goal in
	observational astrophysics for nearly 100 years. Extraordinary progress
	has occurred in recent years on two fronts: the cosmic distance ladder
	measurements at low redshift and cosmic microwave background (CMB)
	measurements at high redshift. The CMB is used to predict the current
	expansion rate through a best-fit cosmological model. Complementary
	progress has been made with baryon acoustic oscillation (BAO) measurements
	at relatively low redshifts. While BAO data do not independently
	determine a Hubble constant, they are important for constraints on
	possible solutions and checks on cosmic consistency. A precise determination
	of the Hubble constant is of great value, but it is more important
	to compare the high and low redshift measurements to test our cosmological
	model. Significant tension would suggest either uncertainties not
	accounted for in the experimental estimates, or the discovery of
	new physics beyond the standard model of cosmology. In this paper
	we examine in detail the tension between the CMB, BAO, and cosmic
	distance ladder data sets. We find that these measurements are consistent
	within reasonable statistical expectations, and we combine them to
	determine a best-fit Hubble constant of 69.6+/-0.7 km/s/Mpc. The
	combined data constrain the Hubble constant to 1{\%}, with no compelling
	evidence for new physics.},
  archiveprefix = {arXiv},
  arxivid = {1406.1718},
  eprint = {1406.1718},
  url = {http://arxiv.org/abs/1406.1718}
}

@ARTICLE{Bennett:2003bz,
  author = {Bennett, C. L. and others},
  title = {{First year Wilkinson Microwave Anisotropy Probe (WMAP) observations:
	Preliminary maps and basic results}},
  journal = {Astrophys. J. Suppl.},
  year = {2003},
  volume = {148},
  pages = {1-27},
  archiveprefix = {arXiv},
  collaboration = {WMAP},
  doi = {10.1086/377253},
  eprint = {astro-ph/0302207},
  primaryclass = {astro-ph},
  slaccitation = {%%CITATION = ASTRO-PH/0302207;%%}
}

@ARTICLE{Blake2012,
  author = {Blake, Chris and Brough, Sarah and Colless, Matthew and Contreras,
	Carlos and Couch, Warrick and Croom, Scott and Croton, Darren and
	Davis, Tamara and Drinkwater, Michael J. and Forster, Karl and Gilbank,
	David and Gladders, Mike and Glazebrook, Karl and Jelliffe, Ben and
	Jurek, Russell J. and Li, I-hui and Madore, Barry and Martin, Chris
	and Pimbblet, Kevin and Poole, Gregory B. and Pracy, Michael and
	Sharp, Rob and Wisnioski, Emily and Woods, David and Wyder, Ted and
	Yee, Howard},
  title = {{The WiggleZ Dark Energy Survey: Joint measurements of the expansion
	and growth history at z < 1}},
  year = {2012},
  pages = {14},
  month = {apr},
  abstract = {We perform a joint determination of the distance-redshift relation
	and cosmic expansion rate at redshifts z = 0.44, 0.6 and 0.73 by
	combining measurements of the baryon acoustic peak and Alcock-Paczynski
	distortion from galaxy clustering in the WiggleZ Dark Energy Survey,
	using a large ensemble of mock catalogues to calculate the covariance
	between the measurements. Further combining our results with other
	baryon acoustic oscillation and distant supernovae datasets, we use
	a Monte Carlo Markov Chain technique to determine the evolution of
	the Hubble parameter H(z) as a stepwise function in 9 redshift bins
	of width dz = 0.1, also marginalizing over the spatial curvature.
	Our measurements of H(z), which have precision better than 7{\%}
	in most redshift bins, are consistent with the expansion history
	predicted by a cosmological-constant dark-energy model, in which
	the expansion accelerates at redshift z < 0.7. We also measure the
	normalized cosmic growth rate at z = 0.44, 0.6 and 0.73, together
	with its covariance with the expansion history, using redshift-space
	distortions in the WiggleZ Survey dataset. The measured growth rate
	is consistent with the same cosmological-constant model that describes
	the expansion history.},
  archiveprefix = {arXiv},
  arxivid = {1204.3674},
  eprint = {1204.3674},
  url = {http://arxiv.org/abs/1204.3674}
}

@ARTICLE{Bonvin:2015uha,
  author = {Bonvin, Camille and Clarkson, Chris and Durrer, Ruth and Maartens,
	Roy and Umeh, Obinna},
  title = {{Do we care about the distance to the CMB? Clarifying the impact
	of second-order lensing}},
  journal = {JCAP},
  year = {2015},
  volume = {1506},
  pages = {050},
  number = {06},
  archiveprefix = {arXiv},
  doi = {10.1088/1475-7516/2015/06/050},
  eprint = {1503.07831},
  primaryclass = {astro-ph.CO},
  reportnumber = {CERN-PH-TH-2015-062},
  slaccitation = {%%CITATION = ARXIV:1503.07831;%%}
}

@ARTICLE{Busti2014,
  author = {Busti, Vinicius C. and Clarkson, Chris and Seikel, Marina},
  title = {{Evidence for a Lower Value for {\$}H{\_}0{\$} from Cosmic Chronometers
	Data?}},
  year = {2014},
  pages = {5},
  month = {feb},
  abstract = {An intriguing discrepancy emerging in the concordance model of cosmology
	is the tension between the locally measured value of the Hubble rate,
	and the 'global' value inferred from the cosmic microwave background
	(CMB). This could be due to systematic uncertainties when measuring
	{\$}H{\_}0{\$} locally, or it could be that we live in a highly unlikely
	Hubble bubble, or other exotic scenarios. We point out that the global
	{\$}H{\_}0{\$} can be found by extrapolating {\$}H(z){\$} data points
	at high-{\$}z{\$} down to {\$}z=0{\$}. By doing this in a Bayesian
	non-parametric way we can find a model-independent value for {\$}H{\_}0{\$}.
	We apply this to 19 measurements based on differential age of passively
	evolving galaxies as cosmic chronometers. Using Gaussian processes,
	we find {\$}H{\_}0=64.9 \backslashpm 4.2{\$} km s{\$}{\^{}}{\{}-1{\}}{\$}
	Mpc{\$}{\^{}}{\{}-1{\}}{\$} {\$}(1\backslashsigma){\$}, in agreement
	with the CMB value, but reinforcing the tension with the local value.
	An analysis of possible sources of systematic errors shows that the
	stellar population synthesis model adopted may change the results
	significantly, being the main concern for subsequent studies. Forecasts
	for future data show that distant {\$}H(z){\$} measurements can be
	a robust method to determine {\$}H{\_}0{\$}, where a focus in precision
	and a careful assessment of systematic errors are required.},
  archiveprefix = {arXiv},
  arxivid = {1402.5429},
  eprint = {1402.5429},
  url = {http://arxiv.org/abs/1402.5429}
}

@article{DiDio:2013bqa,
      author         = "Di Dio, Enea and Montanari, Francesco and Lesgourgues,
                        Julien and Durrer, Ruth",
      title          = "{The CLASSgal code for Relativistic Cosmological Large
                        Scale Structure}",
      journal        = "JCAP",
      volume         = "1311",
      year           = "2013",
      pages          = "044",
      doi            = "10.1088/1475-7516/2013/11/044",
      eprint         = "1307.1459",
      archivePrefix  = "arXiv",
      primaryClass   = "astro-ph.CO",
      reportNumber   = "LAPTH-036-13, CERN-PH-TH-2013-154",
      SLACcitation   = "%%CITATION = ARXIV:1307.1459;%%"
}

@article{Montanari:2015rga,
      author         = "Montanari, Francesco and Durrer, Ruth",
      title          = "{Measuring the lensing potential with tomographic galaxy
                        number counts}",
      journal        = "JCAP",
      volume         = "1510",
      year           = "2015",
      number         = "10",
      pages          = "070",
      doi            = "10.1088/1475-7516/2015/10/070",
      eprint         = "1506.01369",
      archivePrefix  = "arXiv",
      primaryClass   = "astro-ph.CO",
      SLACcitation   = "%%CITATION = ARXIV:1506.01369;%%"
}

@ARTICLE{Caprini:2003gz,
  author = {Caprini, C. and Biller, S. and Ferreira, P. G.},
  title = {{Constraints on the electrical charge asymmetry of the universe}},
  journal = {JCAP},
  year = {2005},
  volume = {0502},
  pages = {006},
  archiveprefix = {arXiv},
  doi = {10.1088/1475-7516/2005/02/006},
  eprint = {hep-ph/0310066},
  primaryclass = {hep-ph},
  slaccitation = {%%CITATION = HEP-PH/0310066;%%}
}

@ARTICLE{Cardona:2016qxn,
  author = {Cardona, Wilmar and Durrer, Ruth and Kunz, Martin and Montanari,
	Francesco},
  title = {{Lensing convergence in galaxy redshift surveys}},
  year = {2016},
  archiveprefix = {arXiv},
  eprint = {1603.06481},
  primaryclass = {astro-ph.CO},
  reportnumber = {HIP-2016-10-TH},
  slaccitation = {%%CITATION = ARXIV:1603.06481;%%}
}

@ARTICLE{Cardona:2014iba,
  author = {Cardona, Wilmar and Hollenstein, Lukas and Kunz, Martin},
  title = {{The traces of anisotropic dark energy in light of Planck}},
  journal = {JCAP},
  year = {2014},
  volume = {1407},
  pages = {032},
  archiveprefix = {arXiv},
  doi = {10.1088/1475-7516/2014/07/032},
  eprint = {1402.5993},
  primaryclass = {astro-ph.CO},
  slaccitation = {%%CITATION = ARXIV:1402.5993;%%}
}

@article{Copi:2006tu,
      author         = "Copi, Craig and Huterer, Dragan and Schwarz, Dominik and
                        Starkman, Glenn",
      title          = "{The Uncorrelated Universe: Statistical Anisotropy and
                        the Vanishing Angular Correlation Function in WMAP Years
                        1-3}",
      journal        = "Phys. Rev.",
      volume         = "D75",
      year           = "2007",
      pages          = "023507",
      doi            = "10.1103/PhysRevD.75.023507",
      eprint         = "astro-ph/0605135",
      archivePrefix  = "arXiv",
      primaryClass   = "astro-ph",
      SLACcitation   = "%%CITATION = ASTRO-PH/0605135;%%"
}

@ARTICLE{Chavez2012,
  author = {Chavez, Ricardo and Terlevich, Elena and Terlevich, Roberto and Plionis,
	Manolis and Bresolin, Fabio and Basilakos, Spyros and Melnick, Jorge},
  title = {{Determining the Hubble constant using HII regions and HII galaxies}},
  year = {2012},
  pages = {5},
  month = {mar},
  abstract = {We report the first results of a long term program aiming to provide
	accurate independent estimates of the Hubble constant (H0) and the
	Dark Energy equation of state parameter (w) using the L(Hbeta)-velocity
	dispersion (sigma) distance estimator for Giant HII regions and HII
	galaxies. We have used VLT and Subaru high dispersion spectroscopic
	observations of a local sample of HII galaxies, identified in the
	SDSS DR7 catalogue in order to re-define and improve the L(Hbeta)
	- sigma distance indicator and to determine the Hubble constant.
	To this end we used as local calibration or 'anchor' of this correlation,
	giant HII regions in nearby galaxies which have accurate distance
	measurements determined via primary indicators. Using our best sample
	of 89 nearby HII galaxies and 23 Giant HII regions in 9 galaxies
	we obtain H0 = 73.9+- 2.7 (statistical)+- 2.9 (systematic) km s-1
	Mpc-1, in excellent agreement with, and independently confirming,
	the most recent SNe Ia based results.},
  archiveprefix = {arXiv},
  arxivid = {1203.6222},
  eprint = {1203.6222},
  url = {http://arxiv.org/abs/1203.6222}
}

@ARTICLE{Cheng2014a,
  author = {Cheng, Cheng and Huang, Qing-Guo},
  title = {{An accurate determination of the Hubble constant from Baryon Acoustic
	Oscillation datasets}},
  year = {2014},
  pages = {13},
  month = {sep},
  abstract = {Even though the Hubble constant cannot be significantly determined
	by the low-redshift Baryon Acoustic Oscillation (BAO) data alone,
	it can be tightly constrained once the high-redshift BAO data are
	combined. Combining BAO data from 6dFGS, BOSS DR11 clustering of
	galaxies, WiggleZ and {\$}z=2.34{\$} from BOSS DR11 quasar Lyman-{\$}\backslashalpha{\$}
	forest lines, we get {\$}H{\_}0=68.17{\^{}}{\{}+1.55{\}}{\_}{\{}-1.56{\}}{\$}
	km s{\$}{\^{}}{\{}-1{\}}{\$} Mpc{\$}{\^{}}{\{}-1{\}}{\$}. In addition,
	adopting the the simultaneous measurements of {\$}H(z){\$} and {\$}D{\_}A(z){\$}
	from the two-dimensional two-point correlation function from BOSS
	DR9 CMASS sample and two-dimensional matter power spectrum from SDSS
	DR7 sample, we obtain {\$}H{\_}0=68.11\backslashpm1.69{\$} km s{\$}{\^{}}{\{}-1{\}}{\$}
	Mpc{\$}{\^{}}{\{}-1{\}}{\$}. Finally, combining all of the BAO datasets,
	we conclude {\$}H{\_}0=68.11\backslashpm 0.86{\$} km s{\$}{\^{}}{\{}-1{\}}{\$}
	Mpc{\$}{\^{}}{\{}-1{\}}{\$}, a 1.3{\%} determination.},
  archiveprefix = {arXiv},
  arxivid = {1409.6119},
  eprint = {1409.6119},
  url = {http://arxiv.org/abs/1409.6119}
}

@ARTICLE{Clarkson:2014pda,
  author = {Clarkson, Chris and Umeh, Obinna and Maartens, Roy and Durrer, Ruth},
  title = {{What is the distance to the CMB?}},
  journal = {JCAP},
  year = {2014},
  volume = {1411},
  pages = {036},
  number = {11},
  archiveprefix = {arXiv},
  doi = {10.1088/1475-7516/2014/11/036},
  eprint = {1405.7860},
  primaryclass = {astro-ph.CO},
  slaccitation = {%%CITATION = ARXIV:1405.7860;%%}
}

@ARTICLE{Clifton:2011jh,
  author = {Clifton, Timothy and Ferreira, Pedro G. and Padilla, Antonio and
	Skordis, Constantinos},
  title = {{Modified Gravity and Cosmology}},
  journal = {Phys. Rept.},
  year = {2012},
  volume = {513},
  pages = {1-189},
  archiveprefix = {arXiv},
  doi = {10.1016/j.physrep.2012.01.001},
  eprint = {1106.2476},
  primaryclass = {astro-ph.CO},
  slaccitation = {%%CITATION = ARXIV:1106.2476;%%}
}

@ARTICLE{Copeland:2006wr,
  author = {Copeland, Edmund J. and Sami, M. and Tsujikawa, Shinji},
  title = {{Dynamics of dark energy}},
  journal = {Int. J. Mod. Phys.},
  year = {2006},
  volume = {D15},
  pages = {1753-1936},
  archiveprefix = {arXiv},
  doi = {10.1142/S021827180600942X},
  eprint = {hep-th/0603057},
  primaryclass = {hep-th},
  slaccitation = {%%CITATION = HEP-TH/0603057;%%}
}

@ARTICLE{Croton2013,
  author = {Croton, Darren},
  title = {{Damn You, Little h! (or, Real-World Applications Of The Hubble Constant
	Using Observed And Simulated Data)}},
  year = {2013},
  pages = {10},
  month = {aug},
  abstract = {The Hubble constant, H{\_}0, or its dimensionless equivalent, "little
	h", is a fundamental cosmological property that is now known to an
	accuracy better than a few percent. Despite its cosmological nature,
	little h commonly appears in the measured properties of individual
	galaxies. This can pose unique challenges for users of such data,
	particularly with survey data. In this paper we show how little h
	arises in the measurement of galaxies, how to compare like-properties
	from different datasets that have assumed different little h cosmologies,
	and how to fairly compare theoretical data with observed data, where
	little h can manifest in vastly different ways. This last point is
	particularly important when observations are used to calibrate galaxy
	formation models, as calibrating with the wrong (or no) little h
	can lead to disastrous results when the model is later converted
	to the correct h cosmology. We argue that in this modern age little
	h is an anachronism, being one of least uncertain parameters in astrophysics,
	and we propose that observers and theorists instead treat this uncertainty
	like any other. We conclude with a "cheat sheet" of nine points that
	should be followed when dealing with little h in data analysis.},
  archiveprefix = {arXiv},
  arxivid = {1308.4150},
  eprint = {1308.4150},
  url = {http://arxiv.org/abs/1308.4150}
}

@ARTICLE{Cuesta2014,
  author = {Cuesta, Antonio J. and Verde, Licia and Riess, Adam and Jimenez,
	Raul},
  title = {{Calibrating the cosmic distance scale ladder: the role of the sound
	horizon scale and the local expansion rate as distance anchors}},
  year = {2014},
  pages = {10},
  month = {nov},
  abstract = {We exploit cosmological-model independent measurements of the expansion
	history of the Universe to provide a cosmic distance ladder. These
	are supernovae type Ia used as standard candles (at redshift between
	0.01 and 1.3) and baryon acoustic oscillations (at redshifts between
	0.1 and 0.8) as standard rulers. We calibrate (anchor) the ladder
	in two ways: first using the local {\$}H{\_}0{\$} value as an anchor
	at {\$}z{\$} = 0 (effectively calibrating the standard candles) and
	secondly using the cosmic microwave background-inferred sound-horizon
	scale as an anchor (giving the standard ruler length) as an inverse
	distance ladder. Both methods are consistent, but the uncertainty
	in the expansion history {\$}H(z){\$} is smaller if the sound horizon
	scale is used. We present inferred values for the sound horizon at
	radiation drag {\$}r{\_}d{\$} which do not rely on assumptions about
	the early expansion history nor on cosmic microwave background measurements
	but on the cosmic distance ladder and baryon acoustic oscillations
	measurements. We also present derived values of {\$}H{\_}0{\$} from
	the inverse distance ladder and we show that they are in very good
	agreement with the derived value from the state-of-the art cosmic
	microwave background data for a {\$}\backslashLambda{\$}CDM model.},
  archiveprefix = {arXiv},
  arxivid = {1411.1094},
  eprint = {1411.1094},
  url = {http://arxiv.org/abs/1411.1094}
}

@ARTICLE{Darling2014,
  author = {Darling, Jeremy},
  title = {{The Hubble Expansion is Isotropic in the Epoch of Dark Energy}},
  year = {2014},
  month = {apr},
  archiveprefix = {arXiv},
  arxivid = {1404.3735},
  eprint = {1404.3735},
  url = {http://arxiv.org/abs/1404.3735}
}

@ARTICLE{Dominguez2013,
  author = {Dom{\'{\i}}nguez, A. and Prada, F.},
  title = {{Measurement of the expansion rate of the Universe from $\backslash$gamma-ray
	attenuation}},
  year = {2013},
  pages = {6},
  month = {may},
  abstract = {A measurement of the expansion rate of the Universe (that is the Hubble
	constant, H0) is derived here using the gamma-ray attenuation observed
	in the spectra of gamma-ray sources produced by the interaction of
	extragalactic gamma-ray photons with the photons of the extragalactic
	background light (EBL). The Hubble constant that is determined with
	our technique, for a Lambda CDM cosmology, is H0=71.8{\_}{\{}-5.6{\}}{\^{}}{\{}+4.6{\}}(stat){\_}{\{}-13.8{\}}{\^{}}{\{}+7.2{\}}(syst)
	km s{\^{}}{\{}-1{\}} Mpc{\^{}}{\{}-1{\}}. This value is compatible
	with present-day measurements using well established methods such
	as local distance ladders and cosmological probes. The recent detection
	of the cosmic gamma-ray horizon (CGRH) from multiwavelength observation
	of blazars, together with the advances in the knowledge of the EBL,
	allow us to measure the expansion rate of the Universe. This estimate
	of the Hubble constant shows that gamma-ray astronomy has reached
	a mature enough state to provide cosmological measurements, which
	may become more competitive in the future with the construction of
	the Cherenkov Telescope Array. We find that the maximum dependence
	of the CGRH on the Hubble constant is approximately between redshifts
	0.04 and 0.1, thus this is a smoking gun for planning future observational
	efforts. Other cosmological parameters, such as the total dark matter
	density Omega{\_}m and the dark energy equation of state w, are explored
	as well.},
  archiveprefix = {arXiv},
  arxivid = {1305.2163},
  eprint = {1305.2163},
  url = {http://arxiv.org/abs/1305.2163}
}

@ARTICLE{Efstathiou:2013via,
  author = {Efstathiou, George},
  title = {{H0 Revisited}},
  journal = {Mon. Not. Roy. Astron. Soc.},
  year = {2014},
  volume = {440},
  pages = {1138-1152},
  number = {2},
  archiveprefix = {arXiv},
  doi = {10.1093/mnras/stu278},
  eprint = {1311.3461},
  primaryclass = {astro-ph.CO},
  slaccitation = {%%CITATION = ARXIV:1311.3461;%%}
}

@ARTICLE{Eisenstein:2005su,
  author = {Eisenstein, Daniel J. and others},
  title = {{Detection of the baryon acoustic peak in the large-scale correlation
	function of SDSS luminous red galaxies}},
  journal = {Astrophys. J.},
  year = {2005},
  volume = {633},
  pages = {560-574},
  archiveprefix = {arXiv},
  collaboration = {SDSS},
  doi = {10.1086/466512},
  eprint = {astro-ph/0501171},
  primaryclass = {astro-ph},
  reportnumber = {FERMILAB-PUB-05-057-A-CD},
  slaccitation = {%%CITATION = ASTRO-PH/0501171;%%}
}

@ARTICLE{Fleury2013,
  author = {Fleury, Pierre and Dupuy, H{\'{e}}l{\`{e}}ne and Uzan, Jean-Philippe},
  title = {{Interpretation of the Hubble diagram in a non-homogeneous universe}},
  year = {2013},
  pages = {24},
  month = {feb},
  abstract = {In the standard cosmological framework, the Hubble diagram is interpreted
	by assuming that the light emitted by standard candles propagates
	in a spatially homogeneous and isotropic spacetime. However, the
	light from "point sources" -- such as supernovae -- probes the universe
	on scales where the homogeneity principle is no longer valid. Inhomogeneities
	are expected to induce a bias and a dispersion of the Hubble diagram.
	This is investigated by considering a Swiss-cheese cosmological model,
	which (1) is an exact solution of the Einstein field equations, (2)
	is strongly inhomogeneous on small scales, but (3) has the same expansion
	history as a strictly homogeneous and isotropic universe. By simulating
	Hubble diagrams in such models, we quantify the influence of inhomogeneities
	on the measurement of the cosmological parameters. Though significant
	in general, the effects reduce drastically for a universe dominated
	by the cosmological constant.},
  archiveprefix = {arXiv},
  arxivid = {1302.5308},
  eprint = {1302.5308},
  url = {http://arxiv.org/abs/1302.5308}
}

@ARTICLE{Freedman1998,
  author = {Freedman, Wendy},
  title = {{The Expansion Rate and the Size of the Universe}},
  journal = {Scientific American},
  year = {1998},
  volume = {March}
}

@ARTICLE{Freedman2001,
  author = {Freedman, WL and Madore, BF and Gibson, BK},
  title = {{Final Results from the Hubble Space Telescope Key Project to Measure
	the Hubble Constant}},
  journal = {The Astrophysical Journal},
  year = {2001},
  volume = {553},
  pages = {47--72},
  url = {http://iopscience.iop.org/0004-637X/553/1/47}
}

@ARTICLE{Freedman1996,
  author = {Freedman, Wendy L.},
  title = {{Determination of the Hubble Constant}},
  year = {1996},
  pages = {32},
  month = {dec},
  abstract = {Recent developments in the determination of H0 are reviewed in the
	context of the 3 following questions: 1) What is required to measure
	an accurate value of H0? Given the wide range of H0 values quoted
	in the current literature, is there any evidence that the situation
	has changed very much at all in the last couple of decades? And 3),
	is a measurement of H0 accurate to 10{\%} feasible with current observational
	tools? Recent results on the extragalactic distance scale are extremely
	encouraging. A large number of independent methods (including the
	latest type Ia supernova calibration by Sandage et al. 1996) appear
	to be converging on a value of H0 in the range of 60 to 80 km/sec/Mpc.
	The factor-of-two discrepancy in H0 appears to be behind us. However,
	all of these results underscore the importance of reducing remaining
	uncertainties in the Cepheid distance scale (e.g., reddening and
	metallicity). A summary of recent results from the HST H0 Key Project
	is given. At the present time, a value of H0=73 +/- 6 (statistical)
	+/- 8 (systematic) km/sec/Mpc is obtained. This value is based on
	the Cepheid calibration of several different methods including the
	Tully-Fisher relation, type Ia supernovae, a calibration of distant
	clusters tied to the Fornax cluster, and direct Cepheid distances
	out to about 20 Mpc. The uncertainty in this estimate will decrease
	as further Cepheid calibrators become available over the course of
	the Key Project; the goal is to measure H0 to an accuracy of 10{\%}.},
  archiveprefix = {arXiv},
  arxivid = {astro-ph/9612024},
  eprint = {9612024},
  keywords = {Astrophysics},
  primaryclass = {astro-ph},
  url = {http://arxiv.org/abs/astro-ph/9612024}
}

@ARTICLE{Freedman:2010xv,
  author = {Freedman, Wendy L. and Madore, Barry F.},
  title = {{The Hubble Constant}},
  journal = {Ann. Rev. Astron. Astrophys.},
  year = {2010},
  volume = {48},
  pages = {673-710},
  archiveprefix = {arXiv},
  doi = {10.1146/annurev-astro-082708-101829},
  eprint = {1004.1856},
  primaryclass = {astro-ph.CO},
  slaccitation = {%%CITATION = ARXIV:1004.1856;%%}
}

@ARTICLE{Friedman:1922kd,
  author = {Friedman, A.},
  title = {{On the Curvature of space}},
  journal = {Z. Phys.},
  year = {1922},
  volume = {10},
  pages = {377-386},
  note = {[Gen. Rel. Grav.31,1991(1999)]},
  doi = {10.1007/BF01332580},
  slaccitation = {%%CITATION = ZEPYA,10,377;%%}
}

@ARTICLE{Friedmann:1924bb,
  author = {Friedmann, A.},
  title = {{On the Possibility of a world with constant negative curvature of
	space}},
  journal = {Z. Phys.},
  year = {1924},
  volume = {21},
  pages = {326-332},
  note = {[Gen. Rel. Grav.31,2001(1999)]},
  doi = {10.1007/BF01328280},
  slaccitation = {%%CITATION = ZEPYA,21,326;%%}
}

@ARTICLE{Gamow:1949zz,
  author = {Gamow, G.},
  title = {{On Relativistic Cosmogony}},
  journal = {Rev. Mod. Phys.},
  year = {1949},
  volume = {21},
  pages = {367-373},
  doi = {10.1103/RevModPhys.21.367},
  slaccitation = {%%CITATION = RMPHA,21,367;%%}
}

@ARTICLE{Gamow:1946eb,
  author = {Gamow, G.},
  title = {{Expanding universe and the origin of elements}},
  journal = {Phys. Rev.},
  year = {1946},
  volume = {70},
  pages = {572-573},
  doi = {10.1103/PhysRev7.0.572},
  slaccitation = {%%CITATION = PHRVA,70,572;%%}
}

@ARTICLE{Guth:2005zr,
  author = {Guth, Alan H. and Kaiser, David I.},
  title = {{Inflationary cosmology: Exploring the Universe from the smallest
	to the largest scales}},
  journal = {Science},
  year = {2005},
  volume = {307},
  pages = {884-890},
  archiveprefix = {arXiv},
  doi = {10.1126/science.1107483},
  eprint = {astro-ph/0502328},
  primaryclass = {astro-ph},
  reportnumber = {MIT-CTP-3594},
  slaccitation = {%%CITATION = ASTRO-PH/0502328;%%}
}

@ARTICLE{Hinshaw:2012aka,
  author = {Hinshaw, G. and others},
  title = {{Nine-Year Wilkinson Microwave Anisotropy Probe (WMAP) Observations:
	Cosmological Parameter Results}},
  journal = {Astrophys. J. Suppl.},
  year = {2013},
  volume = {208},
  pages = {19},
  archiveprefix = {arXiv},
  collaboration = {WMAP},
  doi = {10.1088/0067-0049/208/2/19},
  eprint = {1212.5226},
  primaryclass = {astro-ph.CO},
  slaccitation = {%%CITATION = ARXIV:1212.5226;%%}
}

@ARTICLE{Holanda2014,
  author = {Holanda, R. F. L. and Busti, V. C. and da Silva, G. Pordeus},
  title = {{Robustness of {\$}H{\_}0{\$} determination at intermediate redshifts}},
  year = {2014},
  pages = {6},
  month = {apr},
  abstract = {The most recent Hubble constant {\$}(H{\_}0){\$} estimates from local
	methods ({\$}z<<1{\$}), {\$}H{\_}0=73.8\backslashpm 2.4{\$} km s{\$}{\^{}}{\{}-1{\}}{\$}
	Mpc{\$}{\^{}}{\{}-1{\}}{\$}, and the one from high redshits (Planck
	Collaboration 2013), {\$}H{\_}0=67.3\backslashpm 1.2{\$} km s{\$}{\^{}}{\{}-1{\}}{\$}
	Mpc{\$}{\^{}}{\{}-1{\}}{\$}, are discrepant at {\$}2.4 \backslashsigma{\$}
	confidence level. Within this context, Lima {\&} Cunha (LC) (ApJL
	781, 38, 2014) derived a new determination of {\$}H{\_}0{\$} using
	four cosmic probes at intermediate redshifts ({\$}0.1<z<1.8{\$})
	based on the so-called flat {\$}\backslashLambda{\$}CDM model. They
	obtained {\$}H{\_}0=74.1\backslashpm 2.2{\$} km s{\$}{\^{}}{\{}-1{\}}{\$}
	Mpc{\$}{\^{}}{\{}-1{\}}{\$}, in full agreement with local measurements.
	In this letter, we explore the robustness of the LC result searching
	for systematic errors and its dependence from the cosmological model
	used. We find that the {\$}H{\_}0{\$} value from this joint analysis
	is very weakly dependent on the underlying cosmological model, but
	the morphology adopted to infer the distance to galaxy clusters changes
	the result sizeably, being the main source of systematic errors.},
  archiveprefix = {arXiv},
  arxivid = {1404.4418},
  eprint = {1404.4418},
  url = {http://arxiv.org/abs/1404.4418}
}

@ARTICLE{Hubble1929,
  author = {Hubble, E.},
  title = {{A relation between distance and radial velocity among extra-galactic
	nebulae}},
  journal = {Proceedings of the National Academy of Sciences of the United States
	of America},
  year = {1929},
  volume = {15},
  pages = {168},
  number = {3},
  publisher = {National Academy of Sciences},
  url = {http://www.ncbi.nlm.nih.gov/pmc/articles/PMC522427/}
}

@ARTICLE{Hubble:1929ig,
  author = {Hubble, Edwin},
  title = {{A relation between distance and radial velocity among extra-galactic
	nebulae}},
  journal = {Proc. Nat. Acad. Sci.},
  year = {1929},
  volume = {15},
  pages = {168-173},
  doi = {10.1073/pnas.15.3.168},
  slaccitation = {%%CITATION = PNASA,15,168;%%}
}

@ARTICLE{Humphreys:2013eja,
  author = {Humphreys, E. M. L. and Reid, Mark J. and Moran, Jim M. and Greenhill,
	Lincoln J. and Argon, Alice L.},
  title = {{Toward a New Geometric Distance to the Active Galaxy NGC 4258. III.
	Final Results and the Hubble Constant}},
  journal = {Astrophys. J.},
  year = {2013},
  volume = {775},
  pages = {13},
  archiveprefix = {arXiv},
  doi = {10.1088/0004-637X/775/1/13},
  eprint = {1307.6031},
  primaryclass = {astro-ph.CO},
  slaccitation = {%%CITATION = ARXIV:1307.6031;%%}
}

@ARTICLE{Kim1997,
  author = {Kim, a. G. and Gabi, S. and Goldhaber, G. and Groom, D. E. and Hook,
	I. M. and Kim, M. Y. and Lee, J. C. and Pennypacker, C. R. and Perlmutter,
	S. and Small, I. a. and Goobar, a. and Pain, R. and Ellis, R. S.
	and McMahon, R. G. and Boyle, B. J. and Bunclark, P. S. and Carter,
	D. and Irwin, M. J. and Glazebrook, K. and Newberg, H. J. M. and
	Filippenko, a. V. and Matheson, T. and Dopita, M. and Couch, W. J.
	and Project), (The Supernova Cosmology},
  title = {{Implications for the Hubble Constant from the First Seven Supernovae
	at [CLC][ITAL]z[/ITAL][/CLC] ‚â• 0.35}},
  journal = {The Astrophysical Journal},
  year = {1997},
  volume = {476},
  pages = {L63--L66},
  number = {2},
  month = {feb},
  doi = {10.1086/310507},
  issn = {0004637X},
  url = {http://stacks.iop.org/1538-4357/476/i=2/a=L63}
}

@ARTICLE{Kopeikin2013a,
  author = {Kopeikin, Sergei M.},
  title = {{Einstein's equivalence principle in cosmology}},
  year = {2013},
  month = {nov},
  archiveprefix = {arXiv},
  arxivid = {1311.4912},
  eprint = {1311.4912},
  url = {http://arxiv.org/abs/1311.4912}
}

@ARTICLE{Kumar2014,
  author = {Kumar, S. Rathna and Stalin, C. S. and Prabhu, T. P.},
  title = {{{\$}H{\_}0{\$} from 11 well measured time-delay lenses}},
  year = {2014},
  month = {apr},
  archiveprefix = {arXiv},
  arxivid = {1404.2920},
  eprint = {1404.2920},
  url = {http://arxiv.org/abs/1404.2920}
}

@ARTICLE{Lahav:1999hu,
  author = {Lahav, O. and Bridle, S. L. and Hobson, M. P. and Lasenby, A. N.
	and Sodre, Jr., Laerte},
  title = {{Bayesian `hyper-parameters' approach to joint estimation: the hubble
	constant from cmb measurements}},
  journal = {Mon. Not. Roy. Astron. Soc.},
  year = {2000},
  volume = {315},
  pages = {L45},
  archiveprefix = {arXiv},
  doi = {10.1046/j.1365-8711.2000.03633.x},
  eprint = {astro-ph/9912105},
  primaryclass = {astro-ph},
  slaccitation = {%%CITATION = ASTRO-PH/9912105;%%}
}

@ARTICLE{1912HarCi.173....1L,
  author = {{Leavitt}, H.~S. and {Pickering}, E.~C.},
  title = {{Periods of 25 Variable Stars in the Small Magellanic Cloud.}},
  journal = {Harvard College Observatory Circular},
  year = {1912},
  volume = {173},
  pages = {1-3},
  month = mar,
  adsnote = {Provided by the SAO/NASA Astrophysics Data System},
  adsurl = {http://adsabs.harvard.edu/abs/1912HarCi.173....1L}
}

@ARTICLE{Lee2013,
  author = {Lee, Seokcheon},
  title = {{Measuring the matter energy density and Hubble parameter from Large
	Scale Structure}},
  year = {2013},
  pages = {10},
  month = {jul},
  abstract = {We investigate the method to measure both the present value of the
	matter energy density contrast and the Hubble parameter directly
	from the measurement of the linear growth rate which is obtained
	from the large scale structure of the Universe. From this method,
	one can obtain the value of the nuisance cosmological parameter {\$}\backslashOmo{\$}
	(the present value of the matter energy density contrast) within
	3{\%} error if the growth rate measurement can be reached {\$}z >
	3.5{\$}. One can also investigate the evolution of the Hubble parameter
	without any prior on the value of {\$}H{\_}0{\$} (the current value
	of the Hubble parameter). Especially, estimating the Hubble parameter
	are insensitive to the errors on the measurement of the normalized
	growth rate {\$}f \backslashsigma{\_}8{\$}. However, this method
	requires the high {\$}z{\$} ({\$}z > 3.5{\$}) measurement of the
	growth rate in order to get the less than 5{\%} errors on the measurements
	of {\$}H(z){\$} at {\$}z \backslashleq 1.2{\$} with the redshift
	bin {\$}\backslashDelta z = 0.2{\$}. Thus, this will be suitable
	for the next generation large scale structure galaxy surveys like
	WFMOS and LSST.},
  archiveprefix = {arXiv},
  arxivid = {1307.6619},
  eprint = {1307.6619},
  url = {http://arxiv.org/abs/1307.6619}
}

@ARTICLE{vanLeeuwen:2007xw,
  author = {van Leeuwen, Floor and Feast, Michael W. and Whitelock, Patricia
	A. and Laney, Clifton D.},
  title = {{Cepheid Parallaxes and the Hubble Constant}},
  journal = {Mon. Not. Roy. Astron. Soc.},
  year = {2007},
  volume = {379},
  pages = {723-737},
  archiveprefix = {arXiv},
  doi = {10.1111/j.1365-2966.2007.11972.x},
  eprint = {0705.1592},
  primaryclass = {astro-ph},
  slaccitation = {%%CITATION = ARXIV:0705.1592;%%}
}

@ARTICLE{Lemaitre:1931zz,
  author = {Lemaitre, Georges},
  title = {{The Expanding Universe}},
  journal = {Mon. Not. Roy. Astron. Soc.},
  year = {1931},
  volume = {91},
  pages = {490-501},
  slaccitation = {%%CITATION = MNRAA,91,490;%%}
}

@ARTICLE{Lemaitre:1927zz,
  author = {Lemaitre, Georges},
  title = {{A homogeneous Universe of constant mass and growing radius accounting
	for the radial velocity of extragalactic nebulae}},
  journal = {Annales Soc. Sci. Brux. Ser. I Sci. Math. Astron. Phys.},
  year = {1927},
  volume = {A47},
  pages = {49-59},
  doi = {10.1007/s10714-013-1548-3},
  reportnumber = {LOUVAIN-1927-01},
  slaccitation = {%%CITATION = ASSBA,A47,49;%%}
}

@ARTICLE{Lopez-Corredoira2015,
  author = {Lopez-Corredoira, Martin},
  title = {{Tests for the Expansion of the Universe}},
  year = {2015},
  pages = {6},
  month = {jan},
  abstract = {Almost all cosmologists accept nowadays that the redshift of the galaxies
	is due to the expansion of the Universe (cosmological redshift),
	plus some Doppler effect of peculiar motions, but can we be sure
	of this fact by means of some other independent cosmological test?
	Here I will review some recent tests: CMBR temperature versus redshift,
	time dilation, the Hubble diagram, the Tolman or surface brightness
	test, the angular size test, the UV surface brightness limit and
	the Alcock--Paczy$\backslash$'nski test. Some tests favour expansion
	and others favour a static Universe. Almost all the cosmological
	tests are susceptible to the evolution of galaxies and/or other effects.
	Tolman or angular size tests need to assume very strong evolution
	of galaxy sizes to fit the data with the standard cosmology, whereas
	the Alcock--Paczynski test, an evaluation of the ratio of observed
	angular size to radial/redshift size, is independent of it.},
  archiveprefix = {arXiv},
  arxivid = {1501.01487},
  eprint = {1501.01487},
  url = {http://arxiv.org/abs/1501.01487}
}

@ARTICLE{Marra2013a,
  author = {Marra, Valerio and Amendola, Luca and Sawicki, Ignacy and Valkenburg,
	Wessel},
  title = {{Cosmic Variance and the Measurement of the Local Hubble Parameter}},
  journal = {Physical Review Letters},
  year = {2013},
  volume = {110},
  pages = {241305},
  number = {24},
  month = {jun},
  doi = {10.1103/PhysRevLett.110.241305},
  issn = {0031-9007},
  url = {http://link.aps.org/doi/10.1103/PhysRevLett.110.241305}
}

@ARTICLE{Melia2014,
  author = {Melia, Fulvio},
  title = {{The AGN Hubble Diagram and Its Implications for Cosmology}},
  year = {2014},
  pages = {14},
  month = {sep},
  abstract = {We use a recently proposed luminosity distance measure for relatively
	nearby active galactic nuclei (AGNs) to test the predicted expansion
	of the Universe in the R{\_}h=ct and LCDM cosmologies. This comparative
	study is particularly relevant to the question of whether or not
	the Universe underwent a transition from decelerated to accelerated
	expansion, which is believed to have occurred---on the basis of Type
	Ia SN studies---within the redshift range (0 < z < 1.3) that will
	eventually be sampled by these objects. We find that the AGN Hubble
	Diagram constructed from currently available sources does not support
	the existence of such a transition. While the scatter in the AGN
	data is still too large for any firm conclusions to be drawn, the
	results reported here nonetheless confirm and strengthen similar
	results of comparative analyses using other types of source, such
	as cosmic chronometers and gamma ray bursts. We show that the Akaike,
	Kullback, and Bayes Information Criteria all consistently yield a
	likelihood of {\~{}}74-93{\%} that R{\_}h=ct is closer to the "true"
	cosmology than LCDM is.},
  archiveprefix = {arXiv},
  arxivid = {1409.7815},
  eprint = {1409.7815},
  url = {http://arxiv.org/abs/1409.7815}
}

@ARTICLE{Melia2015,
  author = {Melia, Fulvio and McClintock, Thomas M.},
  title = {{A Test of Cosmological Models using high-z Measurements of H(z)}},
  year = {2015},
  pages = {22},
  month = {jul},
  abstract = {{The recently constructed Hubble diagram using a combined sample of
	SNLS and SDSS-II Type Ia SNe, and an application of the Alcock-Paczynski
	(AP) test using model-independent Baryon Acoustic Oscillation data,
	have suggested that the principal constraint underlying the cosmic
	expansion is the total equation-of-state of the cosmic fluid, rather
	than that of its dark energy. These studies have focused on the critical
	redshift range (0 < z < 2) within which the transition from decelerated
	to accelerated expansion is thought to have occurred, and they suggest
	that the cosmic fluid has zero active mass, consistent with a constant
	expansion rate. The evident impact of this conclusion on cosmological
	theory calls for an independent confirmation. In this paper, we carry
	out this crucial one-on-one comparison between the R{\_}h=ct Universe
	(an FRW cosmology with zero active mass) and wCDM/LCDM, using the
	latest high-z measurements of H(z). Whereas the Type Ia SNe yield
	the integrated luminosity distance, while the AP diagnostic tests
	the geometry of the Universe, the Hubble parameter directly samples
	the expansion rate itself. We find that the model-independent cosmic
	chronometer data prefer R{\_}h{\}}=ct over wCDM/LCDM with a BIC likelihood
	of {\~{}}95{\%} versus only {\~{}}5{\%}, in strong support of the
	earlier SNeIa and AP results. This contrasts with a recent analysis
	of H(z) data based solely on BAO measurements which, however, strongly
	depend on the assumed cosmology. We discuss why the latter approach
	is inappropriate for model comparisons, and emphasize again the need
	for truly model-independent observations to be used in cosmological
	tests.},
  archiveprefix = {arXiv},
  arxivid = {1507.08279},
  eprint = {1507.08279},
  url = {http://arxiv.org/abs/1507.08279}
}

@ARTICLE{Newberg2014,
  author = {Newberg, Heidi Jo},
  title = {{Determining distances to stars statistically from photometry}},
  year = {2014},
  month = {nov},
  archiveprefix = {arXiv},
  arxivid = {1411.5999},
  eprint = {1411.5999},
  url = {http://arxiv.org/abs/1411.5999}
}

@ARTICLE{Nissanke2013,
  author = {Nissanke, Samaya and Holz, Daniel E. and Dalal, Neal and Hughes,
	Scott A. and Sievers, Jonathan L. and Hirata, Christopher M.},
  title = {{Determining the Hubble constant from gravitational wave observations
	of merging compact binaries}},
  year = {2013},
  pages = {8},
  month = {jul},
  abstract = {Recent observations have accumulated compelling evidence that some
	short gamma-ray bursts (SGRBs) are associated with the mergers of
	neutron star (NS) binaries. This would indicate that the SGRB event
	is associated with a gravitational-wave (GW) signal corresponding
	to the final inspiral of the compact binary. In addition, the radioactive
	decay of elements produced in NS binary mergers may result in transients
	visible in the optical and infrared with peak luminosities on hours-days
	timescales. Simultaneous observations of the inspiral GWs and signatures
	in the electromagnetic band may allow us to directly and independently
	determine both the luminosity distance and redshift to a binary.
	These standard sirens (the GW analog of standard candles) have the
	potential to provide an accurate measurement of the low-redshift
	Hubble flow. In addition, these systems are absolutely calibrated
	by general relativity, and therefore do not experience the same set
	of astrophysical systematics found in traditional standard candles,
	nor do the measurements rely on a distance ladder. We show that 15
	observable GW and EM events should allow the Hubble constant to be
	measured with 5{\%} precision using a network of detectors that includes
	advanced LIGO and Virgo. Measuring 30 beamed GW-SGRB events could
	constrain H{\_}0 to better than 1{\%}. When comparing to standard
	Gaussian likelihood analysis, we find that each event's non-Gaussian
	posterior in H{\_}0 helps reduce the overall measurement errors in
	H{\_}0 for an ensemble of NS binary mergers.},
  archiveprefix = {arXiv},
  arxivid = {1307.2638},
  eprint = {1307.2638},
  url = {http://arxiv.org/abs/1307.2638}
}

@ARTICLE{Penzias:1965wn,
  author = {Penzias, Arno A. and Wilson, Robert Woodrow},
  title = {{A Measurement of excess antenna temperature at 4080-Mc/s}},
  journal = {Astrophys. J.},
  year = {1965},
  volume = {142},
  pages = {419-421},
  doi = {10.1086/148307},
  slaccitation = {%%CITATION = ASJOA,142,419;%%}
}

@ARTICLE{Perlmutter:1998np,
  author = {Perlmutter, S. and others},
  title = {{Measurements of Omega and Lambda from 42 high redshift supernovae}},
  journal = {Astrophys. J.},
  year = {1999},
  volume = {517},
  pages = {565-586},
  archiveprefix = {arXiv},
  collaboration = {Supernova Cosmology Project},
  doi = {10.1086/307221},
  eprint = {astro-ph/9812133},
  primaryclass = {astro-ph},
  reportnumber = {LBNL-41801, LBL-41801},
  slaccitation = {%%CITATION = ASTRO-PH/9812133;%%}
}

@ARTICLE{2004AJ:128.2239P,
  author = {{Persson}, S.~E. and {Madore}, B.~F. and {Krzemi{\'n}ski}, W. and
	{Freedman}, W.~L. and {Roth}, M. and {Murphy}, D.~C.},
  title = {{New Cepheid Period-Luminosity Relations for the Large Magellanic
	Cloud: 92 Near-Infrared Light Curves}},
  journal = {The Astronomical Journal},
  year = {2004},
  volume = {128},
  pages = {2239-2264},
  month = nov,
  adsnote = {Provided by the SAO/NASA Astrophysics Data System},
  adsurl = {http://adsabs.harvard.edu/abs/2004AJ....128.2239P},
  doi = {10.1086/424934},
  keywords = {Stars: Variables: Cepheids, Cosmology: Distance Scale, Galaxies: Magellanic
	Clouds, Stars: Oscillations}
}

@ARTICLE{Pietrzynski:2013gia,
  author = {Pietrzynski, G. and others},
  title = {{An eclipsing binary distance to the Large Magellanic Cloud accurate
	to 2 per cent}},
  journal = {Nature},
  year = {2013},
  volume = {495},
  pages = {76-79},
  archiveprefix = {arXiv},
  doi = {10.1038/nature11878},
  eprint = {1303.2063},
  primaryclass = {astro-ph.GA},
  slaccitation = {%%CITATION = ARXIV:1303.2063;%%}
}

@ARTICLE{Polshaw:2015ika,
  author = {Polshaw, J. and others},
  title = {{A supernova distance to the anchor galaxy NGC 4258}},
  journal = {Astron. Astrophys.},
  year = {2015},
  volume = {580},
  pages = {L15},
  archiveprefix = {arXiv},
  doi = {10.1051/0004-6361/201526902},
  eprint = {1509.00507},
  primaryclass = {astro-ph.CO},
  slaccitation = {%%CITATION = ARXIV:1509.00507;%%}
}

@INPROCEEDINGS{Press:1996fw,
  author = {Press, William H.},
  title = {{Understanding data better with Bayesian and global statistical methods}},
  booktitle = {{Conference on Some Unsolved Problems in Astrophysics Princeton,
	New Jersey, April 27-29, 1995}},
  year = {1996},
  archiveprefix = {arXiv},
  eprint = {astro-ph/9604126},
  primaryclass = {astro-ph},
  reportnumber = {CFA-TAD-96-114, C95-04-27},
  slaccitation = {%%CITATION = ASTRO-PH/9604126;%%},
  url = {http://alice.cern.ch/format/showfull?sysnb=0223463}
}

@ARTICLE{Reynolds1932,
  author = {Reynolds, J. H.},
  title = {{Physical and Observational Evidence for the Expanding Universe}},
  journal = {Nature},
  year = {1932},
  volume = {130},
  pages = {458--462},
  number = {3282}
}

@ARTICLE{Riess:2011yx,
  author = {Riess, Adam G. and Macri, Lucas and Casertano, Stefano and Lampeitl,
	Hubert and Ferguson, Henry C. and Filippenko, Alexei V. and Jha,
	Saurabh W. and Li, Weidong and Chornock, Ryan},
  title = {{A 3\% Solution: Determination of the Hubble Constant with the Hubble
	Space Telescope and Wide Field Camera 3}},
  journal = {Astrophys. J.},
  year = {2011},
  volume = {730},
  pages = {119},
  note = {[Erratum: Astrophys. J.732,129(2011)]},
  archiveprefix = {arXiv},
  doi = {10.1088/0004-637X/732/2/129, 10.1088/0004-637X/730/2/119},
  eprint = {1103.2976},
  primaryclass = {astro-ph.CO},
  slaccitation = {%%CITATION = ARXIV:1103.2976;%%}
}

@ARTICLE{Riess:2016jrr,
  author = {Riess, Adam G. and others},
  title = {{A 2.4\% Determination of the Local Value of the Hubble Constant}},
  year = {2016},
  archiveprefix = {arXiv},
  eprint = {1604.01424},
  primaryclass = {astro-ph.CO},
  slaccitation = {%%CITATION = ARXIV:1604.01424;%%}
}

@ARTICLE{Riess:2009pu,
  author = {Riess, Adam G. and others},
  title = {{A Redetermination of the Hubble Constant with the Hubble Space Telescope
	from a Differential Distance Ladder}},
  journal = {Astrophys. J.},
  year = {2009},
  volume = {699},
  pages = {539-563},
  archiveprefix = {arXiv},
  doi = {10.1088/0004-637X/699/1/539},
  eprint = {0905.0695},
  primaryclass = {astro-ph.CO},
  slaccitation = {%%CITATION = ARXIV:0905.0695;%%}
}

@ARTICLE{Riess:2006fw,
  author = {Riess, Adam G. and others},
  title = {{New Hubble Space Telescope Discoveries of Type Ia Supernovae at
	z>=1: Narrowing Constraints on the Early Behavior of Dark Energy}},
  journal = {Astrophys. J.},
  year = {2007},
  volume = {659},
  pages = {98-121},
  archiveprefix = {arXiv},
  doi = {10.1086/510378},
  eprint = {astro-ph/0611572},
  primaryclass = {astro-ph},
  reportnumber = {46455850950},
  slaccitation = {%%CITATION = ASTRO-PH/0611572;%%}
}

@ARTICLE{Riess:1998cb,
  author = {Riess, Adam G. and others},
  title = {{Observational evidence from supernovae for an accelerating universe
	and a cosmological constant}},
  journal = {Astron. J.},
  year = {1998},
  volume = {116},
  pages = {1009-1038},
  archiveprefix = {arXiv},
  collaboration = {Supernova Search Team},
  doi = {10.1086/300499},
  eprint = {astro-ph/9805201},
  primaryclass = {astro-ph},
  slaccitation = {%%CITATION = ASTRO-PH/9805201;%%}
}

@article{DiDio:2013sea,
      author         = "Di Dio, Enea and Montanari, Francesco and Durrer, Ruth
                        and Lesgourgues, Julien",
      title          = "{Cosmological Parameter Estimation with Large Scale
                        Structure Observations}",
      journal        = "JCAP",
      volume         = "1401",
      year           = "2014",
      pages          = "042",
      doi            = "10.1088/1475-7516/2014/01/042",
      eprint         = "1308.6186",
      archivePrefix  = "arXiv",
      primaryClass   = "astro-ph.CO",
      reportNumber   = "LAPTH-037-13, CERN-PH-TH-2013-155",
      SLACcitation   = "%%CITATION = ARXIV:1308.6186;%%"
}

@ARTICLE{Robertson:1935zz,
  author = {Robertson, H. P.},
  title = {{Kinematics and World-Structure}},
  journal = {Astrophys. J.},
  year = {1935},
  volume = {82},
  pages = {284-301},
  doi = {10.1086/143681},
  slaccitation = {%%CITATION = ASJOA,82,284;%%}
}

@ARTICLE{Romano2014,
  author = {Romano, Antonio Enea and Vallejo, Sergio Andr{\'{e}}s},
  title = {{Can the tension in the {\$}H{\_}0{\$} estimation be solved by a
	local overdensity?}},
  year = {2014},
  pages = {5},
  month = {mar},
  abstract = {Recent measurements of the cosmic microwave background (CMB) radiation
	show an apparent tension with the present value of the Hubble parameter
	inferred from local observations of supernovae. We examine the possibility
	that such a discrepancy is the consequence of the presence of a local
	inhomogeneity, and find that a local overdensity could in fact account
	for the difference or at least for part of it. While such a small
	inhomogeneity would not significantly affect the distance to the
	last scattering, and consequently the value of {\$}H{\_}0{\$} obtained
	from CMB observations, it can have an important effect on the local
	estimation of {\$}H(z){\$}, since this is sensitive to the derivative
	of the luminosity distance. The apparent tension can in fact be solved
	by correctly extrapolating {\$}H{\_}0{\$} from the low redshift supernovae
	observations by taking into account the effects of a local inhomogeneity
	on the distance redshift relation. To fully explain the difference
	we find that we need to be located in a region about {\$}45{\%}{\$}
	denser than where supernovae are located. Smaller inhomogeneities
	can still introduce important corrections to the apparent value of
	{\$}H{\_}0{\^{}}{\{}app{\}}{\$} obtained from observational data
	under the assumption of homogeneity, and need to be considered in
	the high precision cosmology era in which we are entering.},
  archiveprefix = {arXiv},
  arxivid = {1403.2034},
  eprint = {1403.2034},
  url = {http://arxiv.org/abs/1403.2034}
}

@ARTICLE{Saaristo2014,
  author = {Saaristo, Joonas and Teerikorpi, Pekka},
  title = {{The Hubble diagram for a system within dark energy: influence of
	some relevant quantities}},
  year = {2014},
  pages = {4},
  month = {feb},
  abstract = {We study the influence of relevant quantities, including the density
	of dark energy (DE), to the predicted Hubble outflow around a system
	of galaxies. In particular, we are interested in the difference between
	two models: 1) The standard {\$}\backslashLambda{\$}CDM model, with
	the everywhere constant DE density, and 2) the "Swiss cheese model",
	where the universe is as old as the standard model, but the DE density
	is zero on short scales, including the environment of the system.
	We calculate the current predicted outflow patterns of dwarf galaxies
	around the Local Group-like system, using different values for the
	mass of the group, the local dark energy density, and the time of
	ejection of the dwarf galaxies, treated as test particles. These
	results are compared with the observed Hubble flow around the Local
	Group. The predicted distance-velocity relations around galaxy groups
	are not alone very sensitive indicators of the dark energy density,
	due to the obsevational scatter and the uncertainties caused by the
	used mass of the group and a range in the ejection times. In general,
	the Local Group outflow data are in agreement with the local DE density
	being equal to the global one, if the mass is about {\$}4 \backslashtimes
	10{\^{}}{\{}12{\}} M{\_}{\{}\backslashodot{\}}{\$}; a lower mass
	of about {\$}2 \backslashtimes 10{\^{}}{\{}12{\}} M{\_}{\{}\backslashodot{\}}{\$}
	or less could suggest a zero local DE density. The dependence of
	the inferred DE density on the mass is a handicap in this and other
	common dynamical methods. This emphasizes the need to use different
	approaches together, for constraining the local dark energy density.},
  archiveprefix = {arXiv},
  arxivid = {1402.0950},
  eprint = {1402.0950},
  url = {http://arxiv.org/abs/1402.0950}
}

@ARTICLE{Sandage2006,
  author = {Sandage, A and Tammann, GA},
  title = {{The Hubble constant: a summary of the Hubble Space Telescope program
	for the luminosity calibration of Type Ia supernovae by means of
	Cepheids}},
  journal = {The Astrophysical {\ldots}},
  year = {2006},
  volume = {15},
  number = {1993},
  url = {http://iopscience.iop.org/0004-637X/653/2/843}
}

@ARTICLE{Sandage1970,
  author = {Sandage, Allan R.},
  title = {{Cosmology: A search for two numbers}},
  journal = {Physics Today},
  year = {1970},
  volume = {February},
  pages = {34--41},
  number = {February}
}

@ARTICLE{2002ApJS:142:71S,
  author = {{Sebo}, K.~M. and {Rawson}, D. and {Mould}, J. and {Madore}, B.~F.
	and {Putman}, M.~E. and {Graham}, J.~A. and {Freedman}, W.~L. and
	{Gibson}, B.~K. and {Germany}, L.~M.},
  title = {{The Cepheid Period-Luminosity Relation in the Large Magellanic Cloud}},
  journal = {The Astrophysical Journal Supplement Series},
  year = {2002},
  volume = {142},
  pages = {71-78},
  month = sep,
  adsnote = {Provided by the SAO/NASA Astrophysics Data System},
  adsurl = {http://adsabs.harvard.edu/abs/2002ApJS..142...71S},
  doi = {10.1086/341177},
  keywords = {Stars: Variables: Cepheids, Cosmology: Distance Scale, Galaxies: Magellanic
	Clouds, Techniques: Photometric}
}

@ARTICLE{Smoot:1992td,
  author = {Smoot, George F. and others},
  title = {{Structure in the COBE differential microwave radiometer first year
	maps}},
  journal = {Astrophys. J.},
  year = {1992},
  volume = {396},
  pages = {L1-L5},
  doi = {10.1086/186504},
  reportnumber = {PRINT-92-0148 (UC,BERKELEY)},
  slaccitation = {%%CITATION = ASJOA,396,L1;%%}
}

@article{Trotta:2005ar,
      author         = "Trotta, Roberto",
      title          = "{Applications of Bayesian model selection to cosmological
                        parameters}",
      journal        = "Mon. Not. Roy. Astron. Soc.",
      volume         = "378",
      year           = "2007",
      pages          = "72-82",
      doi            = "10.1111/j.1365-2966.2007.11738.x",
      eprint         = "astro-ph/0504022",
      archivePrefix  = "arXiv",
      primaryClass   = "astro-ph",
      SLACcitation   = "%%CITATION = ASTRO-PH/0504022;%%"
}

@article{Dirian:2016puz,
      author         = "Dirian, Yves and Foffa, Stefano and Kunz, Martin and
                        Maggiore, Michele and Pettorino, Valeria",
      title          = "{Non-local gravity and comparison with observational
                        datasets. II. Updated results and Bayesian model
                        comparison with $\Lambda$CDM}",
      journal        = "JCAP",
      volume         = "1605",
      year           = "2016",
      number         = "05",
      pages          = "068",
      doi            = "10.1088/1475-7516/2016/05/068",
      eprint         = "1602.03558",
      archivePrefix  = "arXiv",
      primaryClass   = "astro-ph.CO",
      SLACcitation   = "%%CITATION = ARXIV:1602.03558;%%"
}

@book{Jeffreys:1939xee,
      author         = "Jeffreys, Harold",
      title          = "{The Theory of Probability}",
      year           = "1939",
      url            = "https://global.oup.com/academic/product/the-theory-of-probability-9780198503682?cc=au&lang=en&#",
      series         = "Oxford Classic Texts in the Physical Sciences",
      ISBN           = "9780198503682",
      SLACcitation   = "%%CITATION = INSPIRE-1420611;%%"
}

@article{Tegmark:2003ve,
      author         = "Tegmark, Max and de Oliveira-Costa, Angelica and
                        Hamilton, Andrew",
      title          = "{A high resolution foreground cleaned CMB map from WMAP}",
      journal        = "Phys. Rev.",
      volume         = "D68",
      year           = "2003",
      pages          = "123523",
      doi            = "10.1103/PhysRevD.68.123523",
      eprint         = "astro-ph/0302496",
      archivePrefix  = "arXiv",
      primaryClass   = "astro-ph",
      SLACcitation   = "%%CITATION = ASTRO-PH/0302496;%%"
}

@ARTICLE{Tegmark:2003ud,
  author = {Tegmark, Max and others},
  title = {{Cosmological parameters from SDSS and WMAP}},
  journal = {Phys. Rev.},
  year = {2004},
  volume = {D69},
  pages = {103501},
  archiveprefix = {arXiv},
  collaboration = {SDSS},
  doi = {10.1103/PhysRevD.69.103501},
  eprint = {astro-ph/0310723},
  primaryclass = {astro-ph},
  reportnumber = {FERMILAB-PUB-03-435-A},
  slaccitation = {%%CITATION = ASTRO-PH/0310723;%%}
}

@ARTICLE{Trimble2013,
  author = {Trimble, Virginia},
  title = {{Anybody but Hubble!}},
  year = {2013},
  month = {jul},
  abstract = {The recent literature of astronomy and cosmology has included a good
	many suggestions for "who first recognized the expansion of the universe?"
	with cases having been made for Lemaitre, Lundmark, de Sitter, Slipher,
	Shapley, Friedmann, Wirtz, and perhaps others. I touch on these but
	also mention others (some of whose names have not come down to us)
	who might reasonably be credited with some part of the basic idea,
	but conclude that "Hubble's Law" is the right choice ("because it
	was discovered by Lundmark" in accordance with Stigler's Law). Of
	course there are a couple of previously unsung heroes (Dose and Zoellner),
	and the discussion bears some traces of its origin as an after-dinner
	talk. The full context goes back to ideas from China and forward
	to the struggle to correct Hubble's erroneous value of his constant.},
  archiveprefix = {arXiv},
  arxivid = {1307.2289},
  eprint = {1307.2289},
  url = {http://arxiv.org/abs/1307.2289}
}

@ARTICLE{Verde2014,
  author = {Verde, Licia and Protopapas, Pavlos and Jimenez, Raul},
  title = {{The expansion rate of the intermediate Universe in light of Planck}},
  year = {2014},
  month = {mar},
  abstract = {We use cosmology-independent measurements of the expansion history
	in the redshift range 0.1 < z <1.2 and compare them with the Cosmic
	Microwave Background-derived expansion history predictions. The motivation
	is to investigate if the tension between the local (cosmology independent)
	Hubble constant H0 value and the Planck-derived H0 is also present
	at other redshifts. We conclude that there is no tension between
	Planck and cosmology independent-measurements of the Hubble parameter
	H(z) at 0.1 < z < 1.2 for the LCDM model (odds of tension are only
	1:15, statistically not significant). Considering extensions of the
	LCDM model does not improve these odds (actually makes them worse),
	thus favouring the simpler model over its extensions. On the other
	hand the H(z) data are also not in tension with the local H0 measurements
	but the combination of all three data-sets shows a highly significant
	tension (odds {\~{}} 1:400). Thus the new data deepen the mystery
	of the mismatch between Planck and local H0 measurements, and cannot
	univocally determine wether it is an effect localised at a particular
	redshift. Having said this, we find that assuming the NGC4258 maser
	distance as the correct anchor for H0, brings the odds to comfortable
	values. Further, using only the expansion history measurements we
	constrain, within the LCDM model, H0 = 68.5 +- 3.5 and Omega{\_}m
	= 0.32 +- 0.05 without relying on any CMB prior. We also address
	the question of how smooth the expansion history of the universe
	is given the cosmology independent data and conclude that there is
	no evidence for deviations from smoothness on the expansion history,
	neither variations with time in the value of the equation of state
	of dark energy.},
  archiveprefix = {arXiv},
  arxivid = {1403.2181},
  eprint = {1403.2181},
  url = {http://arxiv.org/abs/1403.2181}
}

@ARTICLE{Walker1937,
  author = {Walker, A. G.},
  title = {{On Milnes's Theory of World-Structure}},
  journal = {Procedings of the London Mathematical Society},
  year = {1937},
  volume = {s2-42},
  pages = {90--127},
  number = {1937},
  annote = {10},
  file = {::}
}

@ARTICLE{Wang2014d,
  author = {Wang, Jiaxin and Meng, Xinhe},
  title = {{Finding Possibility of Dynamical Dark Energy with Hubble Parameters}},
  year = {2014},
  pages = {5},
  month = {jun},
  abstract = {The Hubble parameter is commonly regarded as an important parameter
	in cosmology, which determines the expansion rate of the Universe
	at present. Since discrepancy has been found between low redshift
	and high redshift estimation of Hubble constant, we are interested
	in whether that tension indicates dynamical dark energy. In this
	article we emphasize that the observed Hubble parameters, along with
	observed Hubble constant, can help us in probing the evolutional
	behavior of the mysterious dark energy. We carry out null hypothesis
	tests through different diagnostic approaches. According to the present
	observations of Hubble constant, possibility of dynamical dark energy
	can be captured from null tests with and without observed value of
	Hubble constant.},
  archiveprefix = {arXiv},
  arxivid = {1406.2513},
  eprint = {1406.2513},
  url = {http://arxiv.org/abs/1406.2513}
}

@BOOK{Weinberg:1972kfs,
  title = {{Gravitation and Cosmology}},
  publisher = {John Wiley and Sons},
  year = {1972},
  author = {Weinberg, Steven},
  address = {New York},
  isbn = {0471925675, 9780471925675},
  slaccitation = {%%CITATION = INSPIRE-1410180;%%},
  url = {http://www-spires.fnal.gov/spires/find/books/www?cl=QC6.W431}
}

@ARTICLE{Wiltshire2012,
  author = {Wiltshire, David L. and Smale, Peter R. and Mattsson, Teppo and Watkins,
	Richard},
  title = {{Hubble flow variance and the cosmic rest frame}},
  year = {2012},
  pages = {37},
  month = {jan},
  abstract = {We characterize the radial and angular variance of the Hubble flow
	in the COMPOSITE sample of 4534 galaxies, on scales in which much
	of the flow is in the nonlinear regime. Independent of any cosmological
	assumptions other than the existence of a suitably averaged linear
	Hubble law, we find with decisive Bayesian evidence (ln B >> 5) that
	the Hubble constant averaged in spherical radial shells is closer
	to its asymptotic value when referred to the rest frame of the Local
	Group rather than the standard rest frame of the Cosmic Microwave
	Background (CMB). Angular averages reveal a dipole structure in the
	Hubble flow, whose amplitude in the two rest frames changes in correlation
	with the monopole variation within spheres of radius 30/h - 62/h
	Mpc in markedly different ways, with 99.99{\%} confidence. The angular
	map of Hubble flow variation is found to coincide with that of the
	residual CMB temperature dipole in the Local Group rest frame, with
	correlation coefficient -0.92. The combined results of the monopole
	and dipole variations do not support the standard kinematic interpretation
	of the motion of the Local Group in response to the clustering dipole,
	but are consistent with a foreground non-kinematic anisotropy in
	the distance-redshift relation of 0.5{\%} on scales up to 65/h Mpc.
	Effectively, the differential expansion of space produced by nearby
	nonlinear structures of local voids and denser walls and filaments
	cannot be reduced to a local boost. This hypothesis suggests a reinterpretation
	of bulk flows, which may potentially impact on calibration of supernovae
	distances, anomalies associated with large angles in the CMB anisotropy
	spectrum, and the dark flow inferred from the kinematic Sunyaev-Zel'dovich
	effect. It is consistent with recent studies that find evidence for
	a non-kinematic dipole in the distribution of distant radio sources.},
  archiveprefix = {arXiv},
  arxivid = {1201.5371},
  eprint = {1201.5371},
  url = {http://arxiv.org/abs/1201.5371}
}

@ARTICLE{Yoshii2014,
  author = {Yoshii, Y. and Kobayashi, Y. and Minezaki, T. and Koshida, S. and
	Peterson, B. A.},
  title = {{A New Method for Measuring Extragalactic Distances}},
  year = {2014},
  pages = {5},
  month = {mar},
  abstract = {We have pioneered a new method for the measurement of extragalactic
	distances. This method uses the time-lag between variations in the
	short wavelength and long wavelength light from an active galactic
	nucleus (AGN), based on a quantitative physical model of dust reverberation
	that relates the time-lag to the absolute luminosity of the AGN.
	We use the large homogeneous data set from intensive monitoring observations
	in optical and near-infrared wavelength bands with the dedicated
	2-m MAGNUM telescope to obtain the distances to 17 AGNs in the redshift
	range z=0.0024 to z=0.0353. These distance measurements are compared
	with distances measured using Cepheid variable stars, and are used
	to infer that H{\_}0= 73 +- 3 (random) km/s/Mpc. The systematic error
	in H{\_}0 is examined, and the uncertainty in the size distribution
	of dust grains is the largest source of the systematic error, which
	is much reduced for a sample of AGNs for which their parameter values
	in the model of dust reverberation are individually measured. This
	AGN time-lag method can be used beyond 30 Mpc, the farthest distance
	reached by extragalactic Cepheids, and can be extended to high-redshift
	quasi-stellar objects.},
  archiveprefix = {arXiv},
  arxivid = {1403.1693},
  eprint = {1403.1693},
  url = {http://arxiv.org/abs/1403.1693}
}

@ARTICLE{Zwicky:1933gu,
  author = {Zwicky, F.},
  title = {{Die Rotverschiebung von extragalaktischen Nebeln}},
  journal = {Helv. Phys. Acta},
  year = {1933},
  volume = {6},
  pages = {110-127},
  slaccitation = {%%CITATION = HPACA,6,110;%%}
}

@MISC{hubblediagram,
  title = {{September 14, 2011}},
  url = {http://ned.ipac.caltech.edu/level5/Tyson/Tyson2.html}
}

@article{Amendola:2012ys,
	Archiveprefix = {arXiv},
	Author = {Amendola, Luca and others},
	Collaboration = {Euclid Theory Working Group},
	Date-Added = {2014-05-06 19:58:39 +0000},
	Date-Modified = {2014-05-06 19:58:39 +0000},
	Eprint = {1206.1225},
	Journal = {Living Rev.Rel.},
	Pages = {6},
	Primaryclass = {astro-ph.CO},
	Slaccitation = {%%CITATION = ARXIV:1206.1225;%%},
	Title = {{Cosmology and fundamental physics with the Euclid satellite}},
	Volume = {16},
	Year = {2013}}

@article{Sapone:2012nh,
	Archiveprefix = {arXiv},
	Author = {Sapone, Domenico and Majerotto, Elisabetta},
	Date-Added = {2014-05-06 19:57:17 +0000},
	Date-Modified = {2014-05-06 19:57:17 +0000},
	Doi = {10.1103/PhysRevD.85.123529},
	Eprint = {1203.2157},
	Journal = {Phys.Rev.},
	Pages = {123529},
	Primaryclass = {astro-ph.CO},
	Reportnumber = {PREPRINT:-IFT-UAM-CSIC-12-25},
	Slaccitation = {%%CITATION = ARXIV:1203.2157;%%},
	Title = {{Fingerprinting Dark Energy III: distinctive marks of viscosity}},
	Volume = {D85},
	Year = {2012},
	Bdsk-Url-1 = {http://dx.doi.org/10.1103/PhysRevD.85.123529}}

@article{Koivisto:2005mm,
	Archiveprefix = {arXiv},
	Author = {Koivisto, Tomi and Mota, David F.},
	Date-Added = {2014-05-06 19:56:05 +0000},
	Date-Modified = {2014-05-06 19:56:05 +0000},
	Doi = {10.1103/PhysRevD.73.083502},
	Eprint = {astro-ph/0512135},
	Journal = {Phys.Rev.},
	Pages = {083502},
	Primaryclass = {astro-ph},
	Slaccitation = {%%CITATION = ASTRO-PH/0512135;%%},
	Title = {{Dark energy anisotropic stress and large scale structure formation}},
	Volume = {D73},
	Year = {2006},
	Bdsk-Url-1 = {http://dx.doi.org/10.1103/PhysRevD.73.083502}}

@article{Mota:2007sz,
	Archiveprefix = {arXiv},
	Author = {Mota, D.F. and Kristiansen, J.R. and Koivisto, T. and Groeneboom, N.E.},
	Date-Added = {2014-05-06 19:56:05 +0000},
	Date-Modified = {2014-05-06 19:56:05 +0000},
	Doi = {10.1111/j.1365-2966.2007.12413.x},
	Eprint = {0708.0830},
	Journal = {Mon.Not.Roy.Astron.Soc.},
	Pages = {793-800},
	Primaryclass = {astro-ph},
	Slaccitation = {%%CITATION = ARXIV:0708.0830;%%},
	Title = {{Constraining Dark Energy Anisotropic Stress}},
	Volume = {382},
	Year = {2007},
	Bdsk-Url-1 = {http://dx.doi.org/10.1111/j.1365-2966.2007.12413.x}}

@article{Sapone:2013wda,
	Archiveprefix = {arXiv},
	Author = {Sapone, Domenico and Majerotto, Elisabetta and Kunz, Martin and Garilli, Bianca},
	Date-Added = {2014-05-06 19:56:05 +0000},
	Date-Modified = {2014-05-06 19:56:05 +0000},
	Doi = {10.1103/PhysRevD.88.043503},
	Eprint = {1305.1942},
	Journal = {Phys.Rev.},
	Pages = {043503},
	Primaryclass = {astro-ph.CO},
	Reportnumber = {IFT-UAM-CSIC-13-056},
	Slaccitation = {%%CITATION = ARXIV:1305.1942;%%},
	Title = {{Can dark energy viscosity be detected with the Euclid survey?}},
	Volume = {D88},
	Year = {2013},
	Bdsk-Url-1 = {http://dx.doi.org/10.1103/PhysRevD.88.043503}}

@article{Hu:1998kj,
	Archiveprefix = {arXiv},
	Author = {Hu, Wayne},
	Date-Added = {2014-05-06 19:56:05 +0000},
	Date-Modified = {2014-05-06 19:56:05 +0000},
	Doi = {10.1086/306274},
	Eprint = {astro-ph/9801234},
	Journal = {Astrophys.J.},
	Pages = {485-494},
	Primaryclass = {astro-ph},
	Reportnumber = {IASSNS-AST-98-5},
	Slaccitation = {%%CITATION = ASTRO-PH/9801234;%%},
	Title = {{Structure formation with generalized dark matter}},
	Volume = {506},
	Year = {1998},
	Bdsk-Url-1 = {http://dx.doi.org/10.1086/306274}}

@article{Hollenstein:2009ph,
	Archiveprefix = {arXiv},
	Author = {Hollenstein, Lukas and Sapone, Domenico and Crittenden, Robert and Schaefer, Bjoern Malte},
	Doi = {10.1088/1475-7516/2009/04/012},
	Eprint = {0902.1494},
	Journal = {JCAP},
	Pages = {012},
	Primaryclass = {astro-ph.CO},
	Slaccitation = {%%CITATION = ARXIV:0902.1494;%%},
	Title = {{Constraints on early dark energy from CMB lensing and weak lensing tomography}},
	Volume = {0904},
	Year = {2009},
	Bdsk-Url-1 = {http://dx.doi.org/10.1088/1475-7516/2009/04/012}}

@article{Pogosian:2010tj,
	Archiveprefix = {arXiv},
	Author = {Pogosian, Levon and Silvestri, Alessandra and Koyama, Kazuya and Zhao, Gong-Bo},
	Doi = {10.1103/PhysRevD.81.104023},
	Eprint = {1002.2382},
	Journal = {Phys.Rev.},
	Pages = {104023},
	Primaryclass = {astro-ph.CO},
	Slaccitation = {%%CITATION = ARXIV:1002.2382;%%},
	Title = {{How to optimally parametrize deviations from General Relativity in the evolution of cosmological perturbations?}},
	Volume = {D81},
	Year = {2010},
	Bdsk-Url-1 = {http://dx.doi.org/10.1103/PhysRevD.81.104023}}

@article{Bean:2010zq,
	Archiveprefix = {arXiv},
	Author = {Bean, Rachel and Tangmatitham, Matipon},
	Doi = {10.1103/PhysRevD.81.083534},
	Eprint = {1002.4197},
	Journal = {Phys.Rev.},
	Pages = {083534},
	Primaryclass = {astro-ph.CO},
	Slaccitation = {%%CITATION = ARXIV:1002.4197;%%},
	Title = {{Current constraints on the cosmic growth history}},
	Volume = {D81},
	Year = {2010},
	Bdsk-Url-1 = {http://dx.doi.org/10.1103/PhysRevD.81.083534}}

@article{Amendola:2004wa,
	Archiveprefix = {arXiv},
	Author = {Amendola, Luca and Quercellini, Claudia},
	Doi = {10.1103/PhysRevLett.92.181102},
	Eprint = {astro-ph/0403019},
	Journal = {Phys.Rev.Lett.},
	Pages = {181102},
	Primaryclass = {astro-ph},
	Slaccitation = {%%CITATION = ASTRO-PH/0403019;%%},
	Title = {{Skewness as a test of the equivalence principle}},
	Volume = {92},
	Year = {2004},
	Bdsk-Url-1 = {http://dx.doi.org/10.1103/PhysRevLett.92.181102}}

@article{Linder:2005in,
	Archiveprefix = {arXiv},
	Author = {Linder, Eric V.},
	Doi = {10.1103/PhysRevD.72.043529},
	Eprint = {astro-ph/0507263},
	Journal = {Phys.Rev.},
	Pages = {043529},
	Primaryclass = {astro-ph},
	Slaccitation = {%%CITATION = ASTRO-PH/0507263;%%},
	Title = {{Cosmic growth history and expansion history}},
	Volume = {D72},
	Year = {2005},
	Bdsk-Url-1 = {http://dx.doi.org/10.1103/PhysRevD.72.043529}}

@article{Kunz:2003iz,
	Archiveprefix = {arXiv},
	Author = {Kunz, Martin and Corasaniti, Pier-Stefano and Parkinson, David and Copeland, Edmund J.},
	Doi = {10.1103/PhysRevD.70.041301},
	Eprint = {astro-ph/0307346},
	Journal = {Phys.Rev.},
	Pages = {041301},
	Primaryclass = {astro-ph},
	Slaccitation = {%%CITATION = ASTRO-PH/0307346;%%},
	Title = {{Model-independent dark energy test with sigma(8) using results from the Wilkinson microwave anisotropy probe}},
	Volume = {D70},
	Year = {2004},
	Bdsk-Url-1 = {http://dx.doi.org/10.1103/PhysRevD.70.041301}}

@article{Sapone:2010iz,
	Archiveprefix = {arXiv},
	Author = {Sapone, Domenico},
	Doi = {10.1142/S0217751X10050743},
	Eprint = {1006.5694},
	Journal = {Int.J.Mod.Phys.},
	Pages = {5253-5331},
	Primaryclass = {astro-ph.CO},
	Reportnumber = {IFT-UAM-CSIC-10-39},
	Slaccitation = {%%CITATION = ARXIV:1006.5694;%%},
	Title = {{Dark Energy in Practice}},
	Volume = {A25},
	Year = {2010},
	Bdsk-Url-1 = {http://dx.doi.org/10.1142/S0217751X10050743}}

@article{Frieman:2008sn,
	Archiveprefix = {arXiv},
	Author = {Frieman, Joshua and Turner, Michael and Huterer, Dragan},
	Date-Added = {2013-07-31 10:05:02 +0000},
	Date-Modified = {2013-07-31 10:05:02 +0000},
	Doi = {10.1146/annurev.astro.46.060407.145243},
	Eprint = {0803.0982},
	Journal = {Ann.Rev.Astron.Astrophys.},
	Pages = {385-432},
	Primaryclass = {astro-ph},
	Reportnumber = {FERMILAB-PUB-08-613-A},
	Slaccitation = {%%CITATION = ARXIV:0803.0982;%%},
	Title = {{Dark Energy and the Accelerating Universe}},
	Volume = {46},
	Year = {2008},
	Bdsk-Url-1 = {http://dx.doi.org/10.1146/annurev.astro.46.060407.145243}}

@article{dePutter:2010vy,
	Archiveprefix = {arXiv},
	Author = {de Putter, Roland and Huterer, Dragan and Linder, Eric V.},
	Date-Added = {2013-07-22 14:49:53 +0000},
	Date-Modified = {2013-07-22 14:49:53 +0000},
	Doi = {10.1103/PhysRevD.81.103513},
	Eprint = {1002.1311},
	Journal = {Phys.Rev.},
	Pages = {103513},
	Primaryclass = {astro-ph.CO},
	Slaccitation = {%%CITATION = ARXIV:1002.1311;%%},
	Title = {{Measuring the Speed of Dark: Detecting Dark Energy Perturbations}},
	Volume = {D81},
	Year = {2010},
	Bdsk-Url-1 = {http://dx.doi.org/10.1103/PhysRevD.81.103513}}

@article{Kunz:2012aw,
	Archiveprefix = {arXiv},
	Author = {Kunz, Martin},
	Doi = {10.1016/j.crhy.2012.04.007},
	Eprint = {1204.5482},
	Journal = {Comptes Rendus Physique},
	Pages = {539-565},
	Primaryclass = {astro-ph.CO},
	Slaccitation = {%%CITATION = ARXIV:1204.5482;%%},
	Title = {{The phenomenological approach to modeling the dark energy}},
	Volume = {13},
	Year = {2012},
	Bdsk-Url-1 = {http://dx.doi.org/10.1016/j.crhy.2012.04.007}}

@article{Yoo:2012se,
      author         = "Yoo, Jaiyul and Hamaus, Nico and Seljak, Uros and
                        Zaldarriaga, Matias",
      title          = "{Going beyond the Kaiser redshift-space distortion
                        formula: a full general relativistic account of the
                        effects and their detectability in galaxy clustering}",
      journal        = "Phys. Rev.",
      volume         = "D86",
      year           = "2012",
      pages          = "063514",
      doi            = "10.1103/PhysRevD.86.063514",
      eprint         = "1206.5809",
      archivePrefix  = "arXiv",
      primaryClass   = "astro-ph.CO",
      SLACcitation   = "%%CITATION = ARXIV:1206.5809;%%"
}

@article{Challinor:2011bk,
      author         = "Challinor, Anthony and Lewis, Antony",
      title          = "{The linear power spectrum of observed source number
                        counts}",
      journal        = "Phys. Rev.",
      volume         = "D84",
      year           = "2011",
      pages          = "043516",
      doi            = "10.1103/PhysRevD.84.043516",
      eprint         = "1105.5292",
      archivePrefix  = "arXiv",
      primaryClass   = "astro-ph.CO",
      SLACcitation   = "%%CITATION = ARXIV:1105.5292;%%"
}

@article{Bonvin:2011bg,
      author         = "Bonvin, Camille and Durrer, Ruth",
      title          = "{What galaxy surveys really measure}",
      journal        = "Phys. Rev.",
      volume         = "D84",
      year           = "2011",
      pages          = "063505",
      doi            = "10.1103/PhysRevD.84.063505",
      eprint         = "1105.5280",
      archivePrefix  = "arXiv",
      primaryClass   = "astro-ph.CO",
      SLACcitation   = "%%CITATION = ARXIV:1105.5280;%%"
}

@book{Amendola2010,
	Author = {Amendola, Luca and Tsujikawa, Shinji},
	Date-Added = {2011-05-06 10:54:57 +0200},
	Date-Modified = {2011-05-06 10:54:58 +0200},
	Isbn = {0521516005},
	Pages = {506},
	Publisher = {Cambridge University Press},
	Title = {{Dark Energy: Theory and Observations}},
	Year = {2010}}

@article{Durrer:2008in,
	Archiveprefix = {arXiv},
	Author = {Durrer, Ruth and Maartens, Roy},
	Eprint = {0811.4132},
	Primaryclass = {astro-ph},
	Slaccitation = {%%CITATION = ARXIV:0811.4132;%%},
	Title = {{Dark Energy and Modified Gravity}},
	Year = {2008}}

@article{Saltas:2010tt,
	Archiveprefix = {arXiv},
	Author = {Saltas, Ippocratis D. and Kunz, Martin},
	Doi = {10.1103/PhysRevD.83.064042},
	Eprint = {1012.3171},
	Journal = {Phys.Rev.},
	Pages = {064042},
	Primaryclass = {gr-qc},
	Slaccitation = {%%CITATION = ARXIV:1012.3171;%%},
	Title = {{Anisotropic stress and stability in modified gravity models}},
	Volume = {D83},
	Year = {2011},
	Bdsk-Url-1 = {http://dx.doi.org/10.1103/PhysRevD.83.064042}}

@article{Kunz:2006ca,
	Archiveprefix = {arXiv},
	Author = {Kunz, Martin and Sapone, Domenico},
	Doi = {10.1103/PhysRevLett.98.121301},
	Eprint = {astro-ph/0612452},
	Journal = {Phys.Rev.Lett.},
	Pages = {121301},
	Primaryclass = {astro-ph},
	Slaccitation = {%%CITATION = ASTRO-PH/0612452;%%},
	Title = {{Dark Energy versus Modified Gravity}},
	Volume = {98},
	Year = {2007},
	Bdsk-Url-1 = {http://dx.doi.org/10.1103/PhysRevLett.98.121301}}

@article{Sawicki:2012re,
	Archiveprefix = {arXiv},
	Author = {Sawicki, Ignacy and Saltas, Ippocratis D. and Amendola, Luca and Kunz, Martin},
	Doi = {10.1088/1475-7516/2013/01/004},
	Eprint = {1208.4855},
	Journal = {JCAP},
	Pages = {004},
	Primaryclass = {astro-ph.CO},
	Slaccitation = {%%CITATION = ARXIV:1208.4855;%%},
	Title = {{Consistent perturbations in an imperfect fluid}},
	Volume = {1301},
	Year = {2013},
	Bdsk-Url-1 = {http://dx.doi.org/10.1088/1475-7516/2013/01/004}}

@article{Amendola:2012ky,
	Archiveprefix = {arXiv},
	Author = {Amendola, Luca and Kunz, Martin and Motta, Mariele and Saltas, Ippocratis D. and Sawicki, Ignacy},
	Doi = {10.1103/PhysRevD.87.023501},
	Eprint = {1210.0439},
	Journal = {Phys.Rev.},
	Pages = {023501},
	Primaryclass = {astro-ph.CO},
	Slaccitation = {%%CITATION = ARXIV:1210.0439;%%},
	Title = {{Observables and unobservables in dark energy cosmologies}},
	Volume = {D87},
	Year = {2013},
	Bdsk-Url-1 = {http://dx.doi.org/10.1103/PhysRevD.87.023501}}

@article{Motta:2013cwa,
	Archiveprefix = {arXiv},
	Author = {Motta, Mariele and Sawicki, Ignacy and Saltas, Ippocratis D. and Amendola, Luca and Kunz, Martin},
	Date-Added = {2014-05-06 20:01:36 +0000},
	Date-Modified = {2014-05-06 20:01:36 +0000},
	Doi = {10.1103/PhysRevD.88.124035},
	Eprint = {1305.0008},
	Journal = {Phys.Rev.},
	Pages = {124035},
	Primaryclass = {astro-ph.CO},
	Slaccitation = {%%CITATION = ARXIV:1305.0008;%%},
	Title = {{Probing Dark Energy through Scale Dependence}},
	Volume = {D88},
	Year = {2013},
	Bdsk-Url-1 = {http://dx.doi.org/10.1103/PhysRevD.88.124035}}

@article{Amendola:2007rr,
	Archiveprefix = {arXiv},
	Author = {Amendola, Luca and Kunz, Martin and Sapone, Domenico},
	Doi = {10.1088/1475-7516/2008/04/013},
	Eprint = {0704.2421},
	Journal = {JCAP},
	Pages = {013},
	Primaryclass = {astro-ph},
	Slaccitation = {%%CITATION = ARXIV:0704.2421;%%},
	Title = {{Measuring the dark side (with weak lensing)}},
	Volume = {0804},
	Year = {2008},
	Bdsk-Url-1 = {http://dx.doi.org/10.1088/1475-7516/2008/04/013}}

@article{Zhang:2007nk,
	Archiveprefix = {arXiv},
	Author = {Zhang, Pengjie and Liguori, Michele and Bean, Rachel and Dodelson, Scott},
	Doi = {10.1103/PhysRevLett.99.141302},
	Eprint = {0704.1932},
	Journal = {Phys.Rev.Lett.},
	Pages = {141302},
	Primaryclass = {astro-ph},
	Reportnumber = {FERMILAB-PUB-07-081-A},
	Slaccitation = {%%CITATION = ARXIV:0704.1932;%%},
	Title = {{Probing Gravity at Cosmological Scales by Measurements which Test the Relationship between Gravitational Lensing and Matter Overdensity}},
	Volume = {99},
	Year = {2007},
	Bdsk-Url-1 = {http://dx.doi.org/10.1103/PhysRevLett.99.141302}}

@article{Bean:2003fb,
	Archiveprefix = {arXiv},
	Author = {Bean, Rachel and Dore, Olivier},
	Doi = {10.1103/PhysRevD.69.083503},
	Eprint = {astro-ph/0307100},
	Journal = {Phys.Rev.},
	Pages = {083503},
	Primaryclass = {astro-ph},
	Slaccitation = {%%CITATION = ASTRO-PH/0307100;%%},
	Title = {{Probing dark energy perturbations: The Dark energy equation of state and speed of sound as measured by WMAP}},
	Volume = {D69},
	Year = {2004},
	Bdsk-Url-1 = {http://dx.doi.org/10.1103/PhysRevD.69.083503}}

@article{Bassett:2002qu,
	Archiveprefix = {arXiv},
	Author = {Bassett, Bruce A. and Kunz, Martin and Silk, Joseph and Ungarelli, Carlo},
	Doi = {10.1046/j.1365-8711.2002.05887.x},
	Eprint = {astro-ph/0203383},
	Journal = {Mon.Not.Roy.Astron.Soc.},
	Pages = {1217-1222},
	Primaryclass = {astro-ph},
	Slaccitation = {%%CITATION = ASTRO-PH/0203383;%%},
	Title = {{A Late time transition in the cosmic dark energy?}},
	Volume = {336},
	Year = {2002},
	Bdsk-Url-1 = {http://dx.doi.org/10.1046/j.1365-8711.2002.05887.x}}

@article{Corasaniti:2004sz,
	Archiveprefix = {arXiv},
	Author = {Corasaniti, Pier Stefano and Kunz, M. and Parkinson, David and Copeland, E.J. and Bassett, B.A.},
	Doi = {10.1103/PhysRevD.70.083006},
	Eprint = {astro-ph/0406608},
	Journal = {Phys.Rev.},
	Pages = {083006},
	Primaryclass = {astro-ph},
	Slaccitation = {%%CITATION = ASTRO-PH/0406608;%%},
	Title = {{The Foundations of observing dark energy dynamics with the Wilkinson Microwave Anisotropy Probe}},
	Volume = {D70},
	Year = {2004},
	Bdsk-Url-1 = {http://dx.doi.org/10.1103/PhysRevD.70.083006}}

@article{Hu:2007pj,
	Archiveprefix = {arXiv},
	Author = {Hu, Wayne and Sawicki, Ignacy},
	Doi = {10.1103/PhysRevD.76.104043},
	Eprint = {0708.1190},
	Journal = {Phys.Rev.},
	Pages = {104043},
	Primaryclass = {astro-ph},
	Slaccitation = {%%CITATION = ARXIV:0708.1190;%%},
	Title = {{A Parameterized Post-Friedmann Framework for Modified Gravity}},
	Volume = {D76},
	Year = {2007},
	Bdsk-Url-1 = {http://dx.doi.org/10.1103/PhysRevD.76.104043}}

@article{Ma:1995ey,
	Archiveprefix = {arXiv},
	Author = {Ma, Chung-Pei and Bertschinger, Edmund},
	Doi = {10.1086/176550},
	Eprint = {astro-ph/9506072},
	Journal = {Astrophys.J.},
	Pages = {7-25},
	Primaryclass = {astro-ph},
	Slaccitation = {%%CITATION = ASTRO-PH/9506072;%%},
	Title = {{Cosmological perturbation theory in the synchronous and conformal Newtonian gauges}},
	Volume = {455},
	Year = {1995},
	Bdsk-Url-1 = {http://dx.doi.org/10.1086/176550}}

@article{Ballesteros:2011cm,
	Archiveprefix = {arXiv},
	Author = {Ballesteros, Guillermo and Hollenstein, Lukas and Jain, Rajeev Kumar and Kunz, Martin},
	Doi = {10.1088/1475-7516/2012/05/038},
	Eprint = {1112.4837},
	Journal = {JCAP},
	Pages = {038},
	Primaryclass = {astro-ph.CO},
	Slaccitation = {%%CITATION = ARXIV:1112.4837;%%},
	Title = {{Nonlinear cosmological consistency relations and effective matter stresses}},
	Volume = {1205},
	Year = {2012},
	Bdsk-Url-1 = {http://dx.doi.org/10.1088/1475-7516/2012/05/038}}

@article{Battye:2012eu,
	Archiveprefix = {arXiv},
	Author = {Battye, Richard A. and Pearson, Jonathan A.},
	Doi = {10.1088/1475-7516/2012/07/019},
	Eprint = {1203.0398},
	Journal = {JCAP},
	Pages = {019},
	Primaryclass = {hep-th},
	Slaccitation = {%%CITATION = ARXIV:1203.0398;%%},
	Title = {{Effective action approach to cosmological perturbations in dark energy and modified gravity}},
	Volume = {1207},
	Year = {2012},
	Bdsk-Url-1 = {http://dx.doi.org/10.1088/1475-7516/2012/07/019}}

@article{Baker:2012zs,
	Archiveprefix = {arXiv},
	Author = {Baker, Tessa and Ferreira, Pedro G. and Skordis, Constantinos},
	Doi = {10.1103/PhysRevD.87.024015},
	Eprint = {1209.2117},
	Journal = {Phys.Rev.},
	Pages = {024015},
	Primaryclass = {astro-ph.CO},
	Slaccitation = {%%CITATION = ARXIV:1209.2117;%%},
	Title = {{The Parameterized Post-Friedmann Framework for Theories of Modified Gravity: Concepts, Formalism and Examples}},
	Volume = {D87},
	Year = {2013},
	Bdsk-Url-1 = {http://dx.doi.org/10.1103/PhysRevD.87.024015}}

@article{Gubitosi:2012hu,
	Archiveprefix = {arXiv},
	Author = {Gubitosi, Giulia and Piazza, Federico and Vernizzi, Filippo},
	Doi = {10.1088/1475-7516/2013/02/032},
	Eprint = {1210.0201},
	Journal = {JCAP},
	Pages = {032},
	Primaryclass = {hep-th},
	Slaccitation = {%%CITATION = ARXIV:1210.0201;%%},
	Title = {{The Effective Field Theory of Dark Energy}},
	Volume = {1302},
	Year = {2013},
	Bdsk-Url-1 = {http://dx.doi.org/10.1088/1475-7516/2013/02/032}}

@article{Bloomfield:2012ff,
	Archiveprefix = {arXiv},
	Author = {Bloomfield, Jolyon K. and Flanagan, Eanna E. and Park, Minjoon and Watson, Scott},
	Date-Added = {2014-05-06 20:00:15 +0000},
	Date-Modified = {2014-05-06 20:00:15 +0000},
	Doi = {10.1088/1475-7516/2013/08/010},
	Eprint = {1211.7054},
	Journal = {JCAP},
	Pages = {010},
	Primaryclass = {astro-ph.CO},
	Slaccitation = {%%CITATION = ARXIV:1211.7054;%%},
	Title = {{Dark energy or modified gravity? An effective field theory approach}},
	Volume = {1308},
	Year = {2013},
	Bdsk-Url-1 = {http://dx.doi.org/10.1088/1475-7516/2013/08/010}}

@article{Bardeen:1980kt,
	Author = {Bardeen, James M.},
	Doi = {10.1103/PhysRevD.22.1882},
	Journal = {Phys.Rev.},
	Pages = {1882-1905},
	Slaccitation = {%%CITATION = PHRVA,D22,1882;%%},
	Title = {{Gauge Invariant Cosmological Perturbations}},
	Volume = {D22},
	Year = {1980},
	Bdsk-Url-1 = {http://dx.doi.org/10.1103/PhysRevD.22.1882}}

@article{Tegmark:2003uf,
      author         = "Tegmark, Max and others",
      title          = "{The 3-D power spectrum of galaxies from the SDSS}",
      collaboration  = "SDSS",
      journal        = "Astrophys. J.",
      volume         = "606",
      year           = "2004",
      pages          = "702-740",
      doi            = "10.1086/382125",
      eprint         = "astro-ph/0310725",
      archivePrefix  = "arXiv",
      primaryClass   = "astro-ph",
      reportNumber   = "FERMILAB-PUB-03-434-A",
      SLACcitation   = "%%CITATION = ASTRO-PH/0310725;%%"
}

@article{Kodama:1985bj,
	Author = {Kodama, Hideo and Sasaki, Misao},
	Doi = {10.1143/PTPS.78.1},
	Journal = {Prog.Theor.Phys.Suppl.},
	Pages = {1-166},
	Slaccitation = {%%CITATION = PTPSA,78,1;%%},
	Title = {{Cosmological Perturbation Theory}},
	Volume = {78},
	Year = {1984},
	Bdsk-Url-1 = {http://dx.doi.org/10.1143/PTPS.78.1}}

@article{Koyama:2005kd,
	Archiveprefix = {arXiv},
	Author = {Koyama, Kazuya and Maartens, Roy},
	Doi = {10.1088/1475-7516/2006/01/016},
	Eprint = {astro-ph/0511634},
	Journal = {JCAP},
	Pages = {016},
	Primaryclass = {astro-ph},
	Slaccitation = {%%CITATION = ASTRO-PH/0511634;%%},
	Title = {{Structure formation in the dgp cosmological model}},
	Volume = {0601},
	Year = {2006},
	Bdsk-Url-1 = {http://dx.doi.org/10.1088/1475-7516/2006/01/016}}

@article{Song:2010rm,
	Archiveprefix = {arXiv},
	Author = {Song, Yong-Seon and Hollenstein, Lukas and Caldera-Cabral, Gabriela and Koyama, Kazuya},
	Doi = {10.1088/1475-7516/2010/04/018},
	Eprint = {1001.0969},
	Journal = {JCAP},
	Pages = {018},
	Primaryclass = {astro-ph.CO},
	Slaccitation = {%%CITATION = ARXIV:1001.0969;%%},
	Title = {{Theoretical Priors On Modified Growth Parametrisations}},
	Volume = {1004},
	Year = {2010},
	Bdsk-Url-1 = {http://dx.doi.org/10.1088/1475-7516/2010/04/018}}

@article{Kilbinger:2012qz,
	Archiveprefix = {arXiv},
	Author = {Kilbinger, Martin and Fu, Liping and Heymans, Catherine and Simpson, Fergus and Benjamin, Jonathan and others},
	Date-Added = {2013-07-16 15:03:00 +0000},
	Date-Modified = {2013-07-16 15:03:00 +0000},
	Doi = {10.1093/mnras/stt041},
	Eprint = {1212.3338},
	Journal = {Monthly Notices of the Royal Astronomical Society},
	Number = {3},
	Pages = {2200-2220},
	Primaryclass = {astro-ph.CO},
	Slaccitation = {%%CITATION = ARXIV:1212.3338;%%},
	Title = {{CFHTLenS: Combined probe cosmological model comparison using 2D weak gravitational lensing}},
	Volume = {430},
	Year = {2013},
	Bdsk-Url-1 = {http://dx.doi.org/10.1093/mnras/stt041}}

@article{Ade:2013lmv,
	Archiveprefix = {arXiv},
	Author = {Ade, P.A.R. and others},
	Collaboration = {Planck Collaboration},
	Date-Added = {2013-07-16 14:17:29 +0000},
	Date-Modified = {2013-07-16 14:17:29 +0000},
	Eprint = {1303.5080},
	Primaryclass = {astro-ph.CO},
	Slaccitation = {%%CITATION = ARXIV:1303.5080;%%},
	Title = {{Planck 2013 results. XX. Cosmology from Sunyaev-Zeldovich cluster counts}},
	Year = {2013}}

@article{Sapone:2009kx,
	Author = {Sapone, Domenico and Kunz, Martin},
	Date-Added = {2013-06-10 11:29:29 +0200},
	Date-Modified = {2013-06-10 11:29:53 +0200},
	Doi = {10.1103/PhysRevD.80.083519},
	Issue = {8},
	Journal = {Phys. Rev. D},
	Keywords = {dark-energy; perturbations},
	Month = {Oct},
	Numpages = {11},
	Pages = {083519},
	Publisher = {American Physical Society},
	Title = {Fingerprinting dark energy},
	Url = {http://link.aps.org/doi/10.1103/PhysRevD.80.083519},
	Volume = {80},
	Year = {2009},
	Bdsk-Url-1 = {http://link.aps.org/doi/10.1103/PhysRevD.80.083519},
	Bdsk-Url-2 = {http://dx.doi.org/10.1103/PhysRevD.80.083519}}

@article{Ade:2013zuv,
	Archiveprefix = {arXiv},
	Author = {Ade, P.A.R. and others},
	Collaboration = {Planck Collaboration},
	Date-Added = {2013-05-29 11:01:29 +0000},
	Date-Modified = {2013-05-29 11:01:29 +0000},
	Eprint = {1303.5076},
	Primaryclass = {astro-ph.CO},
	Slaccitation = {%%CITATION = ARXIV:1303.5076;%%},
	Title = {{Planck 2013 results. XVI. Cosmological parameters}},
	Year = {2013}}

@article{Planck:2013kta,
	Archiveprefix = {arXiv},
	Author = {Ade, P.A.R. and others},
	Collaboration = {Planck collaboration},
	Date-Added = {2013-05-29 11:01:14 +0000},
	Date-Modified = {2014-05-06 20:02:14 +0000},
	Eprint = {1303.5075},
	Primaryclass = {astro-ph.CO},
	Slaccitation = {%%CITATION = ARXIV:1303.5075;%%},
	Title = {{Planck 2013 results. XV. CMB power spectra and likelihood}},
	Year = {2013}}

@article{Komatsu:2010fb,
	Archiveprefix = {arXiv},
	Author = {Komatsu, E. and others},
	Collaboration = {WMAP Collaboration},
	Date-Added = {2013-05-29 07:11:02 +0000},
	Date-Modified = {2013-05-29 07:11:02 +0000},
	Doi = {10.1088/0067-0049/192/2/18},
	Eprint = {1001.4538},
	Journal = {Astrophys.J.Suppl.},
	Pages = {18},
	Primaryclass = {astro-ph.CO},
	Slaccitation = {%%CITATION = ARXIV:1001.4538;%%},
	Title = {{Seven-Year Wilkinson Microwave Anisotropy Probe (WMAP) Observations: Cosmological Interpretation}},
	Volume = {192},
	Year = {2011},
	Bdsk-Url-1 = {http://dx.doi.org/10.1088/0067-0049/192/2/18}}

@article{Amanullah:2010vv,
	Archiveprefix = {arXiv},
	Author = {Amanullah, R. and Lidman, C. and Rubin, D. and Aldering, G. and Astier, P. and others},
	Date-Added = {2013-05-29 07:10:43 +0000},
	Date-Modified = {2013-05-29 07:10:43 +0000},
	Doi = {10.1088/0004-637X/716/1/712},
	Eprint = {1004.1711},
	Journal = {Astrophys.J.},
	Pages = {712-738},
	Primaryclass = {astro-ph.CO},
	Slaccitation = {%%CITATION = ARXIV:1004.1711;%%},
	Title = {{Spectra and Light Curves of Six Type Ia Supernovae at 0.511 &lt; z &lt; 1.12 and the Union2 Compilation}},
	Volume = {716},
	Year = {2010},
	Bdsk-Url-1 = {http://dx.doi.org/10.1088/0004-637X/716/1/712}}

@article{Lewis:1999bs,
	Archiveprefix = {arXiv},
	Author = {Lewis, Antony and Challinor, Anthony and Lasenby, Anthony},
	Citeulike-Article-Id = {2971740},
	Date-Added = {2013-05-29 07:09:06 +0000},
	Date-Modified = {2013-05-30 09:14:40 +0000},
	Doi = {10.1086/309179},
	Eprint = {astro-ph/9911177},
	Journal = {Astrophys.J.},
	Keywords = {cmb, code, cosmology, perturbations},
	Pages = {473-476},
	Posted-At = {2008-07-08 09:27:35},
	Priority = {0},
	Slaccitation = {%%CITATION = ASTRO-PH/9911177;%%},
	Title = {{Efficient Computation of Cosmic Microwave Background Anisotropies in Closed Friedmann-Robertson-Walker Models}},
	Volume = {538},
	Year = {2000},
	Bdsk-Url-1 = {http://dx.doi.org/10.1086/309179}}

@article{Lewis:2002ah,
	Archiveprefix = {arXiv},
	Author = {Lewis, Antony and Bridle, Sarah},
	Citeulike-Article-Id = {2407517},
	Citeulike-Linkout-0 = {http://arxiv.org/abs/astro-ph/0205436},
	Citeulike-Linkout-1 = {http://arxiv.org/pdf/astro-ph/0205436},
	Date-Added = {2013-05-29 07:08:38 +0000},
	Date-Modified = {2013-05-30 09:15:04 +0000},
	Day = {14},
	Doi = {10.1103/PhysRevD.66.103511},
	Eprint = {astro-ph/0205436},
	Journal = {Phys.Rev.},
	Keywords = {camb, cmb, computational, constraints, cosmology, cosmomc},
	Pages = {103511},
	Posted-At = {2010-07-23 12:00:51},
	Priority = {2},
	Slaccitation = {%%CITATION = ASTRO-PH/0205436;%%},
	Title = {{Cosmological parameters from CMB and other data: A Monte Carlo approach}},
	Url = {http://arxiv.org/abs/astro-ph/0205436},
	Volume = {D66},
	Year = {2002},
	Bdsk-Url-1 = {http://dx.doi.org/10.1103/PhysRevD.66.103511},
	Bdsk-Url-2 = {http://arxiv.org/abs/astro-ph/0205436}}

@article{Beutler:2011hx,
	Archiveprefix = {arXiv},
	Author = {Beutler, Florian and Blake, Chris and Colless, Matthew and Jones, D. Heath and Staveley-Smith, Lister and others},
	Date-Added = {2013-05-28 15:47:09 +0000},
	Date-Modified = {2013-05-28 15:47:09 +0000},
	Doi = {10.1111/j.1365-2966.2011.19250.x},
	Eprint = {1106.3366},
	Journal = {Mon.Not.Roy.Astron.Soc.},
	Pages = {3017-3032},
	Primaryclass = {astro-ph.CO},
	Slaccitation = {%%CITATION = ARXIV:1106.3366;%%},
	Title = {{The 6dF Galaxy Survey: Baryon Acoustic Oscillations and the Local Hubble Constant}},
	Volume = {416},
	Year = {2011},
	Bdsk-Url-1 = {http://dx.doi.org/10.1111/j.1365-2966.2011.19250.x}}

@article{Anderson:2012sa,
	Archiveprefix = {arXiv},
	Author = {Anderson, Lauren and Aubourg, Eric and Bailey, Stephen and Bizyaev, Dmitry and Blanton, Michael and others},
	Date-Added = {2013-05-28 15:46:30 +0000},
	Date-Modified = {2013-05-28 15:46:30 +0000},
	Doi = {10.1111/j.1365-2966.2012.22066.x},
	Eprint = {1203.6594},
	Journal = {Mon.Not.Roy.Astron.Soc.},
	Number = {4},
	Pages = {3435-3467},
	Primaryclass = {astro-ph.CO},
	Slaccitation = {%%CITATION = ARXIV:1203.6594;%%},
	Title = {{The clustering of galaxies in the SDSS-III Baryon Oscillation Spectroscopic Survey: Baryon Acoustic Oscillations in the Data Release 9 Spectroscopic Galaxy Sample}},
	Volume = {427},
	Year = {2013},
	Bdsk-Url-1 = {http://dx.doi.org/10.1111/j.1365-2966.2012.22066.x}}

@article{Padmanabhan:2012hf,
	Archiveprefix = {arXiv},
	Author = {Padmanabhan, Nikhil and Xu, Xiaoying and Eisenstein, Daniel J. and Scalzo, Richard and Cuesta, Antonio J. and others},
	Date-Added = {2013-05-28 15:45:27 +0000},
	Date-Modified = {2013-05-30 09:20:43 +0000},
	Doi = {10.1111/j.1365-2966.2012.21888.x},
	Eprint = {1202.0090},
	Journal = {Mon.Not.Roy.Astron.Soc.},
	Pages = {2132},
	Primaryclass = {astro-ph.CO},
	Slaccitation = {%%CITATION = ARXIV:1202.0090;%%},
	Title = {{A 2% Distance to z=0.35 by Reconstructing Baryon Acoustic Oscillations - I : Methods and Application to the Sloan Digital Sky Survey}},
	Volume = {427},
	Year = {2012},
	Bdsk-Url-1 = {http://www.astro.yale.edu/padmanabhan/dr7recon/DR7Recon/Welcome.html},
	Bdsk-Url-2 = {http://dx.doi.org/10.1111/j.1365-2966.2012.21888.x}}

@article{Percival:2009xn,
	Archiveprefix = {arXiv},
	Author = {Percival, Will J. and others},
	Collaboration = {SDSS Collaboration},
	Date-Added = {2013-05-28 15:44:54 +0000},
	Date-Modified = {2013-05-28 15:44:54 +0000},
	Doi = {10.1111/j.1365-2966.2009.15812.x},
	Eprint = {0907.1660},
	Journal = {Mon.Not.Roy.Astron.Soc.},
	Pages = {2148-2168},
	Primaryclass = {astro-ph.CO},
	Reportnumber = {FERMILAB-PUB-09-762-A},
	Slaccitation = {%%CITATION = ARXIV:0907.1660;%%},
	Title = {{Baryon Acoustic Oscillations in the Sloan Digital Sky Survey Data Release 7 Galaxy Sample}},
	Volume = {401},
	Year = {2010},
	Bdsk-Url-1 = {http://dx.doi.org/10.1111/j.1365-2966.2009.15812.x}}

@article{Blake:2011en,
	Archiveprefix = {arXiv},
	Author = {Blake, Chris and Kazin, Eyal and Beutler, Florian and Davis, Tamara and Parkinson, David and others},
	Date-Added = {2013-05-28 15:38:27 +0000},
	Date-Modified = {2013-05-28 15:38:27 +0000},
	Doi = {10.1111/j.1365-2966.2011.19592.x},
	Eprint = {1108.2635},
	Journal = {Mon.Not.Roy.Astron.Soc.},
	Pages = {1707-1724},
	Primaryclass = {astro-ph.CO},
	Slaccitation = {%%CITATION = ARXIV:1108.2635;%%},
	Title = {{The WiggleZ Dark Energy Survey: mapping the distance-redshift relation with baryon acoustic oscillations}},
	Volume = {418},
	Year = {2011},
	Bdsk-Url-1 = {http://dx.doi.org/10.1111/j.1365-2966.2011.19592.x}}

@article{Conley:2011ku,
	Archiveprefix = {arXiv},
	Author = {Conley, A. and Guy, J. and Sullivan, M. and Regnault, N. and Astier, P. and others},
	Date-Added = {2013-05-28 15:35:30 +0000},
	Date-Modified = {2013-05-28 15:35:30 +0000},
	Doi = {10.1088/0067-0049/192/1/1},
	Eprint = {1104.1443},
	Journal = {Astrophys.J.Suppl.},
	Pages = {1},
	Primaryclass = {astro-ph.CO},
	Slaccitation = {%%CITATION = ARXIV:1104.1443;%%},
	Title = {{Supernova Constraints and Systematic Uncertainties from the First 3 Years of the Supernova Legacy Survey}},
	Volume = {192},
	Year = {2011},
	Bdsk-Url-1 = {http://dx.doi.org/10.1088/0067-0049/192/1/1}}

@article{Pisanti:2007hk,
	Archiveprefix = {arXiv},
	Author = {Pisanti, O. and Cirillo, A. and Esposito, S. and Iocco, F. and Mangano, G. and others},
	Date-Added = {2013-05-28 15:31:26 +0000},
	Date-Modified = {2013-05-28 15:31:26 +0000},
	Doi = {10.1016/j.cpc.2008.02.015},
	Eprint = {0705.0290},
	Journal = {Comput.Phys.Commun.},
	Pages = {956-971},
	Primaryclass = {astro-ph},
	Reportnumber = {DSF-13-07, FERMILAB-PUB-07-079-A, SLAC-PUB-12488},
	Slaccitation = {%%CITATION = ARXIV:0705.0290;%%},
	Title = {{PArthENoPE: Public Algorithm Evaluating the Nucleosynthesis of Primordial Elements}},
	Volume = {178},
	Year = {2008},
	Bdsk-Url-1 = {http://dx.doi.org/10.1016/j.cpc.2008.02.015}}

@article{Das:2013zf,
	Archiveprefix = {arXiv},
	Author = {Das, Sudeep and Louis, Thibaut and Nolta, Michael R. and Addison, Graeme E. and Battistelli, Elia S. and others},
	Date-Added = {2013-05-28 14:48:54 +0000},
	Date-Modified = {2014-06-26 19:09:00 +0000},
	Doi = {10.1088/1475-7516/2014/04/014},
	Eprint = {1301.1037},
	Journal = {JCAP},
	Pages = {014},
	Primaryclass = {astro-ph.CO},
	Slaccitation = {%%CITATION = ARXIV:1301.1037;%%},
	Title = {{The Atacama Cosmology Telescope: Temperature and Gravitational Lensing Power Spectrum Measurements from Three Seasons of Data}},
	Volume = {1404},
	Year = {2014},
	Bdsk-Url-1 = {http://dx.doi.org/10.1088/1475-7516/2014/04/014}}

@article{Story:2012wx,
	Archiveprefix = {arXiv},
	Author = {Story, K.T. and Reichardt, C.L. and Hou, Z. and Keisler, R. and Aird, K.A. and others},
	Date-Added = {2013-05-28 14:47:48 +0000},
	Date-Modified = {2014-05-06 20:02:45 +0000},
	Doi = {10.1088/0004-637X/779/1/86},
	Eprint = {1210.7231},
	Journal = {Astrophys.J.},
	Pages = {86},
	Primaryclass = {astro-ph.CO},
	Slaccitation = {%%CITATION = ARXIV:1210.7231;%%},
	Title = {{A Measurement of the Cosmic Microwave Background Damping Tail from the 2500-square-degree SPT-SZ survey}},
	Volume = {779},
	Year = {2013},
	Bdsk-Url-1 = {http://dx.doi.org/10.1088/0004-637X/779/1/86}}

@article{Bennett:2012fp,
	Archiveprefix = {arXiv},
	Author = {Bennett, C.L. and Larson, D. and Weiland, J.L. and Jarosik, N. and Hinshaw, G. and others},
	Collaboration = {WMAP},
	Date-Added = {2013-05-28 14:46:07 +0000},
	Date-Modified = {2014-05-06 19:59:48 +0000},
	Doi = {10.1088/0067-0049/208/2/20},
	Eprint = {1212.5225},
	Journal = {Astrophys.J.Suppl.},
	Pages = {20},
	Primaryclass = {astro-ph.CO},
	Slaccitation = {%%CITATION = ARXIV:1212.5225;%%},
	Title = {{Nine-Year Wilkinson Microwave Anisotropy Probe (WMAP) Observations: Final Maps and Results}},
	Volume = {208},
	Year = {2013},
	Bdsk-Url-1 = {http://dx.doi.org/10.1088/0067-0049/208/2/20}}

@misc{Camb,
	Author = {Lewis, Antony and Challinor, Anthony},
	Date-Added = {2013-05-28 13:53:30 +0000},
	Date-Modified = {2013-05-28 14:05:08 +0000},
	Keywords = {code, website},
	Note = {Publicly available CMB-Boltzmann code: \texttt{\ifpdf\href{http://www.camb.info/}{http://www.camb.info}\else{http://www.camb.info}\fi}.},
	Title = {{Code for Anisotropies in the Microwave Background (CAMB)}},
	Year = {2013},
	Bdsk-Url-1 = {http://www.camb.info/}}

@misc{Cosmomc,
	Author = {Lewis, Antony and Bridle, Sarah},
	Date-Added = {2013-05-28 13:53:30 +0000},
	Date-Modified = {2013-05-28 14:05:04 +0000},
	Keywords = {code},
	Note = {Publicly available Markov-Chain Monte-Carlo likelihood sampler: \texttt{\ifpdf\href{http://cosmologist.info/cosmomc/}{http://cosmologist.info/cosmomc}\else{http://cosmologist.info/cosmomc}\fi}.},
	Title = {{Cosmological MonteCarlo (CosmoMC)}},
	Year = {2013},
	Bdsk-Url-1 = {http://cosmologist.info/cosmomc/}}
